1840 2933
83 63 92 80 ,
231 57 234 59 a
343 55 351 61 ,
583 12 1028 71 :mantua-ra}
1220 17 1226 20 ”
1435 0 1562 80 ,ᾗῇ

37 140 42 147 ,
66 96 77 126 τ
104 112 109 118 -
175 85 659 148 Anulmmgem'tum
670 97 808 134 terras
820 79 1243 148 habuifflferuntuf'
1352 97 1358 102 ·

162 194 166 200 .
233 152 447 210 Arcades,
463 150 521 208 ό·
532 147 1076 216 lunagmspriorillafuit.

46 215 383 281 Itaqueciimse
399 218 506 264 luna
525 217 691 264 vellent
702 216 979 281 antiquiores
1002 212 1092 262 dici
1123 215 1141 271 (
1164 206 1281 260 adeo
1304 209 1370 260 sui
1395 211 1575 277 generis·

39 280 359 345 antiquitatem
369 281 596 336 iactabant
618 286 636 342 )
660 280 887 329 distisunt
907 274 933 327 ὲ
949 278 1219 344 Thucydide
1236 276 1368 325 initio
1379 275 1573 329 historia:

39 346 312 405 moialem,
325 347 371 396 id
385 349 463 407 est,
479 362 584 394 ante
597 348 754 394 lunam
770 346 893 394 editi.
910 347 1122 408 Plerique
1144 342 1201 392 ad
1226 342 1458 390 historiam
1483 358 1573 389 na-

41 427 152 462 turoe
161 409 323 461 referre
334 413 512 460 malunt
525 450 538 472 ,
566 414 675 476 quia
698 413 817 459 lunae
851 409 1032 460 cursum
1068 409 1205 474 primi
1237 406 1532 456 obseruarint.

48 479 210 532 Praeter
228 477 307 525 has
327 480 519 527 rationes
539 480 645 526 alias
665 475 807 526 adfert
834 475 1055 524 Plutarch.
1070 479 1119 522 in
1147 473 1462 522 Problematis.
1482 471 1568 519 Sed
1591 499 1635 536 J„
1644 512 1772 541 ηομ

40 539 137 590 haec
148 543 363 608 quorsum
378 543 601 591 attineant
615 580 627 600 ‚
642 560 733 590 non
751 543 882 606 plane
908 542 1040 589 video
1059 578 1070 599 ‚
1084 539 1167 586 nisi
1188 538 1244 587 ad
1267 554 1565 586 communem
1593 539 1768 591 tiramu-

41 606 195 654 locum
210 610 404 656 retulero
416 609 471 655 de
485 608 721 657 nobilitate
734 645 746 665 ,
762 625 899 673 quam
917 607 997 654 sibi
1023 604 1157 670 longe
1185 605 1322 651 multi
1345 603 1568 661 tribuunt,
1591 606 1771 650 bimarem.

40 674 165 718 vanis
176 672 397 737 quibusda
408 671 639 720 schematis
650 672 983 739 &imaginibus
997 672 1221 718 maiorum
1232 669 1423 716 tumidi:
1450 685 1571 732 quo-

39 751 141 784 rum
159 739 462 803 arrogantiam
475 738 803 785 intolerabilem
818 740 982 802 quibus
994 732 1194 783 maxime
1209 734 1568 783 verbisinceffcro

39 802 228 850 debeam
245 839 259 862 ,
272 802 401 863 plane
417 801 508 852 non
523 803 684 850 habeo.
700 803 829 868 Qs
841 804 965 850 enim
993 800 1203 847 sustineat
1217 799 1415 863 aliquem
1429 801 1569 847 tolle-

39 882 87 914 te
100 869 243 914 cristas
260 905 273 926 ,
287 866 457 932 sibique
470 884 671 931 arrogare
685 868 918 932 quidpiam
938 905 950 926 ,
969 865 1092 931 quod
1103 881 1257 912 tamen
1273 864 1449 929 proprie
1462 881 1564 914 non

38 931 418 998 postideatffltqui
430 948 572 997 genus
583 929 713 979 {uum
728 934 807 997 qui
820 927 1114 995 laudat‚quic'1.
1130 931 1296 977 attollit
1310 932 1487 977 animos
1500 930 1561 977 ob

39 1001 264 1048 maiorum
278 999 562 1044 nobilitatem
580 1034 591 1054 ‚
607 1002 651 1044 &
664 999 866 1044 alienum
889 998 1037 1044 laudat
1053 1034 1065 1052 ,
1090 1002 1134 1042 ὃ(
1156 994 1270 1043 falfis
1297 996 1562 1042 nominibus

39 1061 118 1107 fibi
131 1063 287 1110 tribuit
299 1063 423 1127 quod
439 1061 549 1109 adse
563 1061 751 1110 minime
769 1063 1003 1126 pertineat.
1017 1063 1120 1123 Qi
1133 1061 1429 1124 proculdubio
1441 1059 1562 1107 mihi

37 1143 132 1173 non
147 1126 579 1175 videnturabsimiles
591 1127 796 1192 fugitiuis
807 1130 860 1191 iJ's
876 1131 955 1192 qui
970 1143 1054 1189 prae
1069 1142 1194 1173 metu
1207 1121 1310 1174 crim
1336 1126 1390 1173 ad
1411 1142 1501 1172 aras
1516 1125 1559 1171 se

36 1194 299 1256 receperint,
310 1193 636 1240 tamdiulatent
645 1192 815 1258 ,inque
839 1208 938 1240 tuto
961 1192 1001 1239 se
1016 1189 1100 1238 effe
1124 1204 1282 1255 putant
1298 1229 1310 1250 ,
1335 1191 1559 1254 quamdiu

34 1272 91 1302 eo
108 1255 315 1322 persugio
330 1258 391 1302 vti
405 1256 597 1321 possunt.
613 1255 784 1306 Atciim
797 1258 901 1305 inde
924 1257 1092 1305 fuerint
1104 1257 1217 1303 eruti
1234 1294 1245 1314 ‚
1261 1256 1373 1321 quid
1399 1258 1454 1315 ijs
1481 1254 1560 1302 su-

32 1322 172 1384 perest
185 1322 322 1384 quam
338 1339 454 1371 certa
465 1324 671 1388 quaedam
686 1340 809 1381 crux,
821 1339 897 1371 aut
914 1337 1169 1369 extremum
1182 1322 1368 1386 aliquod
1379 1319 1560 1385 dispeu-

32 1387 186 1434 dium?
199 1389 267 1435 sic
280 1391 479 1450 vulgares
500 1391 568 1436 illi
580 1389 852 1453 nobiles,qui
870 1387 983 1435 nihil
998 1402 1152 1449 praeter
1167 1385 1388 1434 maiorum
1404 1387 1560 1433 nomi-

34 1467 93 1498 na
104 1466 285 1514 crepant
299 1453 379 1511 ,ad
392 1470 491 1516 quae
507 1453 595 1499 sola
614 1452 781 1501 haerent
808 1452 894 1501 suis
918 1452 1046 1501 diffisi
1070 1453 1306 1500 virtutibus
1324 1489 1336 1509 ‚
1363 1449 1559 1517 veraque

34 1517 177 1580 gloria
191 1533 352 1580 ‚quam
364 1518 534 1565 nullam
549 1518 730 1575 habent,
749 1534 841 1564 non
856 1517 1054 1564 sentiunt
1068 1517 1208 1582 quarn
1224 1517 1371 1564 miseri
1385 1515 1468 1564 fint
1482 1554 1495 1575 ‚
1510 1521 1558 1568 ὃς

33 1597 207 1644 quanto
222 1585 268 1628 in
294 1599 438 1629 errore
460 1581 700 1630 versentur.
734 1583 818 1631 Sed
840 1585 1114 1630 retineamus
1132 1580 1427 1630 affensronem
1450 1597 1556 1629 cum

33 1645 89 1706 ijs
100 1648 180 1710 qui
195 1648 477 1694 nobilitatem
491 1648 536 1694 in
551 1649 706 1695 animo
727 1647 945 1715 generoso
960 1646 1083 1694 fitam
1097 1646 1181 1694 effe
1205 1650 1364 1695 volunt
1376 1682 1392 1705 ‚
1406 1653 1450 1694 &
1474 1646 1567 1711 qui*

33 1711 257 1775 pecudum
271 1713 613 1763 nobilitatemin
638 1729 824 1775 corpore
843 1714 989 1762 valido
1030 1730 1078 1760 ac
1098 1728 1290 1779 vegeto,
1309 1713 1557 1760 hominum

33 1792 184 1826 autem
199 1779 245 1824 in
268 1779 369 1824 vitae
385 1778 660 1842 morumque
678 1779 878 1825 bonitate
892 1792 1084 1842 ponunt.
1107 1778 1380 1826 Laudatur'a
1399 1780 1556 1825 Dione

35 1840 361 1904 Chrysostomo
379 1883 393 1901 ,
405 1842 731 1891 Thebanorum
747 1845 975 1907 optimum
995 1848 1038 1889 &
1053 1842 1360 1907 aequiffimum
1373 1845 1558 1891 institu-

37 1921 136 1952 tum
157 1909 345 1971 ,quiens
360 1908 587 1955 seruorum
604 1925 797 1955 numero
811 1925 903 1956 non
916 1908 1141 1955 habebant
1156 1945 1167 1965 ‚
1185 1909 1263 1972 qui
1281 1925 1356 1972 per
1379 1911 1468 1955 vim
1509 1917 1555 1958 &

34 1971 247 2018 iniuriam
262 1972 366 2020 belli
380 1970 607 2020 seruifaCti
622 1971 759 2023 effent
783 1994 793 2020 ε
818 1977 919 2022 Cur
939 1974 1160 2038 ignobiles
1183 1990 1259 2021 eos
1273 1973 1358 2020 effe
1383 1975 1557 2040 vulgari

33 2036 539 2099 opinioneiudicamus,
567 2055 765 2102 quorum
780 2039 808 2085 fi
835 2041 1018 2087 virtutes
1040 2039 1338 2092 aestimentur,
1354 2039 1381 2085 si
1400 2042 1558 2088 mode·

31 2103 145 2147 ratio
156 2103 316 2158 animi,
332 2101 360 2148 si
377 2103 613 2166 prudentia
632 2142 645 2162 ‚
659 2104 686 2149 fi
704 2103 1045 2168 sagacitas,alios
1059 2120 1174 2168 quos
1189 2105 1347 2170 vulgus
1357 2105 1557 2153 admira-

32 2182 121 2226 tur,
134 2165 340 2225 infinitis,
355 2184 400 2215 vt
411 2170 473 2215 ita
487 2170 650 2228 dicam,
665 2168 810 2232 spatiis
822 2184 1112 2217 anteuertunt
1133 2179 1146 2215 ?
1166 2173 1394 2231 Magnum
1406 2169 1496 2219 fuit
1509 2176 1556 2219 &c

31 2231 218 2294 plenum
235 2234 457 2296 aequitatis
483 2249 640 2281 eorum
662 2251 782 2300 quos
804 2233 1006 2298 proxime
1034 2235 1270 2281 nominaui
1300 2272 1313 2292 ‚
1334 2236 1556 2285 iudicium

30 2300 167 2361 atque
179 2297 411 2345 consilium
421 2336 433 2357 ‚
446 2302 525 2362 qui
541 2299 658 2347 solos
670 2316 744 2346 eos
758 2301 934 2347 nobiles
945 2298 1028 2346 esse
1043 2298 1298 2358 censebant,
1309 2302 1388 2363 qui
1403 2301 1458 2348 ad
1471 2303 1562 2349 vir-

30 2378 175 2410 tutem
191 2363 395 2427 propensi
410 2364 560 2411 effent:
579 2381 725 2430 neque
739 2380 831 2412 tam
846 2364 1016 2412 curiose
1029 2400 1040 2420 ,
1054 2365 1153 2412 imo
1169 2365 1275 2412 vero
1289 2367 1559 2427 superstitio-

29 2427 76 2473 se
87 2429 359 2490 quaerebanr,
377 2446 428 2474 ex
443 2430 607 2493 quibus
620 2431 703 2477 orti
719 2428 1197 2493 parentibuseffent‚de
1211 2430 1375 2494 quibus
1384 2431 1559 2494 aliquid

30 2492 314 2540 statuendum
330 2493 562 2556 videretur.
587 2496 659 2541 Sic
676 2512 826 2543 autern
840 2495 927 2543 vna
946 2495 1093 2542 secum
1114 2497 1311 2543 rationes
1335 2494 1559 2543 conficie-

33 2556 153 2603 bant:
174 2557 440 2623 Antiquitiis
460 2561 568 2606 vtin
593 2562 865 2608 animalibus
890 2559 1155 2628 quibusdam
1184 2563 1322 2608 mutis
1341 2562 1429 2616 ‚ita
1452 2563 1558 2610 &in

30 2618 298 2685 thssnibus
309 2625 432 2680 idem
446 2642 617 2683 nornen
644 2624 905 2692 perduraiuit
921 2662 932 2675 .
952 2628 1078 2674 Nam
1102 2628 1150 2674 in
1169 2626 1379 2687 canibus,
1408 2627 1557 2689 equis,¹

638 2707 643 2711 ’
1057 2691 1088 2740 h
1130 2709 1149 2756 5
1299 2723 1302 2725 Δ
1422 2692 1551 2756 gallis
