1861 2973
250 23 342 78 248
664 27 986 64 annun
1042 19 1337 64 Αιοιλτι

383 87 435 130 N
435 83 603 129 unitas
608 92 681 144 per
692 98 775 138 me,
787 79 964 128 tandem
971 78 1074 145 fera
1076 79 1219 144 santet
1227 83 1275 126 in
1288 90 1370 129 'me-

479 154 643 195 Vertere
653 159 864 193 naturam
880 149 1037 208 gratia
1048 147 1169 193 nulla
1174 145 1330 209 potest.
1732 190 1734 192 ,

245 214 440 266 Videtur
453 209 571 260 confi
578 212 703 257 &um
715 211 803 258 hoc
816 211 1109 276 Epigramma
1120 227 1174 256 ex
1188 210 1438 259 Theocrito
1455 211 1598 278 ‚apud
1622 228 1765 280 quem

119 287 206 338 fari.
246 279 448 328 eiusdem
462 279 523 324 est
532 276 789 342 argumenti
802 276 1041 342 apologus.
1059 275 1111 324 ld
1123 277 1418 339 torqueturin
1432 279 1770 345 ingrammus-

193 376 199 380 x
237 346 332 406 c'lue
345 340 626 410 potiffimtim
642 342 724 406 qui
737 341 980 403 perniciem
996 341 1048 388 iis
1059 339 1269 388 adferunt
1289 342 1346 388 de
1357 343 1525 406 quibus
1536 341 1770 393 bene'me·
1807 352 1811 356 ”

234 413 310 459 riti
324 410 428 458 sunt
442 428 454 456 z
467 425 564 474 quo
574 424 739 474 genere
751 404 997 453 hominum
1014 406 1125 454 nihil
1143 407 1270 470 peius
1281 421 1360 454 aut
1371 407 1567 455 deterius
1577 410 1769 459 educere

233 478 305 524 vel
318 478 506 544 gignere
520 488 634 521 terra
648 471 810 536 potest:
823 468 1156 536 tantquueid
1168 471 1392 538 flagitium
1408 475 1655 523 atrocitatis
1685 472 1772 523 ha..

235 542 312 589 bet
326 549 370 588 &
384 539 554 605 probri,
565 555 611 586 vt
627 540 783 589 omnia
793 536 1367 603 conuicia‚ingratitudinis
1380 538 1680 588 solonotnine
1691 541 1774 588 e6-
1796 577 1799 579 Α

233 607 372 656 tineri
382 608 605 653 dicantur.
622 603 756 665 Qid
772 599 881 649 vero
894 602 1186 651 execrabilius
1200 601 1285 650 effe
1294 604 1455 667 potest,
1472 603 1616 668 quim
1629 606 1682 651 iis
1692 605 1775 652 vi-

236 686 331 719 tam
345 671 542 720 adimere
559 706 573 729 ‚
587 684 662 716 aut
676 669 813 715 etiam
827 667 1027 731 quodam
1044 682 1256 733 torquere
1278 668 1414 733 pasto
1429 706 1443 728 ,
1456 684 1538 736 qui
1553 670 1687 717 nobis
1700 671 1772 719 vi-

235 737 376 784 uendi
387 735 549 783 caussas
562 731 826 800 suggeffere,
840 731 1152 798 dederuntque
1164 749 1348 798 operam
1363 772 1377 793 ‚
1389 749 1436 782 vt
1450 735 1577 799 quod
1590 733 1765 791 sumus,

170 847 178 856 ,
234 799 449 850 effemus?
462 804 519 848 C.
534 797 1089 864 Toraniusingratiffimus
1101 798 1220 846 filius
1233 798 1525 849 triumvirfim
1543 813 1688 865 partes
1702 798 1772 847 se·

47 850 210 937 ἷῑῇζαξω
235 879 363 914 cutus
376 867 609 929 proscripti
620 866 754 926 patris
768 862 830 909 sui
844 865 1035 927 praetorij
1054 869 1097 910 ὃς
1109 865 1255 911 ornati
1267 866 1350 912 viri
1360 865 1777 924 ‘latebras,aetatem,
1850 893 1854 904 ι

46 918 146 994 mni
168 924 227 990 vi:
240 928 459 996 notasc'lue
472 927 1032 993 corporisquibusagnosci
1060 929 1225 991 poffet,
1247 930 1590 978 centurionibus
1612 929 1774 989 edidit,

42 1007 144 1047 tium.
242 998 445 1061 quicum
464 993 681 1059 persecuti
698 992 815 1041 sunt.
830 996 975 1041 Senex
988 1007 1141 1042 tamen
1170 1011 1294 1058 pater
1317 995 1374 1043 de
1385 995 1467 1058 filij
1494 997 1584 1043 vita
1608 995 1776 1059 magis,
1850 995 1858 1044 ’,

246 1060 389 1124 quarn
403 1061 458 1113 de
473 1060 547 1108 sua
561 1060 772 1116 solicitus,
786 1059 916 1122 petijt
928 1075 984 1106 an
998 1060 1245 1108 incolumis
1256 1059 1378 1108 filius
1393 1060 1497 1108 ess'et
1512 1098 1526 1118 ,
1546 1065 1590 1106 δι
1612 1075 1671 1107 an
1683 1062 1785 1121 im-·
1841 1071 1856 1084 ·’

244 1127 524 1189 peratoribus
534 1122 810 1172 satisfaceret.
824 1125 884 1168 At
895 1123 986 1186 ipse
998 1127 1059 1172 est
1070 1128 1148 1189 qui
1163 1141 1206 1172 te
1217 1124 1349 1172 uobis
1372 1125 1571 1189 prodidit
1582 1161 1598 1185 ,
1620 1125 1784 1189 inquit

244 1208 361 1239 vnus
374 1190 398 1238 ὲ
415 1191 651 1237 militibus:
662 1185 978 1252 continuoque
990 1190 1146 1253 pestus
1162 1190 1257 1236 eius
1269 1190 1422 1254 gladio
1433 1191 1621 1239 traiecit.
1646 1190 1795 1239 ludi-⁷

242 1273 332 1321 gna
346 1256 487 1321 quide
504 1272 622 1301 mors
638 1288 654 1313 ,
668 1253 739 1300 sed
751 1253 936 1300 auetore
946 1254 1072 1302 caedis
1086 1253 1304 1302 miserior.
1326 1257 1454 1303 Idem
1470 1253 1587 1321 pene
1599 1255 1656 1303 de
1673 1258 1774 1305 Vil-

241 1323 307 1369 lio
325 1313 916 1382 Annalinarratur,quic1im
934 1318 1200 1384 proscriptus
1211 1317 1266 1366 ad
1280 1322 1495 1369 clientem
1520 1320 1650 1369 suum
1665 1337 1777 1370 con.

243 1385 425 1452 fugisset
438 1422 450 1441 ‚
474 1385 703 1435 sceleratus
718 1383 835 1431 filius
848 1383 1378 1432 militibusoccidendum
1396 1401 1566 1450 patrem
1581 1423 1595 1444 ,
1609 1386 1651 1433 se
1664 1403 1779 1450 prae·

213 1500 216 1502 ,
240 1451 365 1498 sente
379 1452 564 1504 obiecit,
579 1451 643 1498 bis
657 1449 885 1513 parricida,
902 1463 950 1494 vt
963 1450 1044 1513 qui
1055 1449 1243 1496 consilio
1259 1447 1380 1512 priris
1394 1489 1405 1508 ,
1418 1450 1583 1499 deinde
1606 1452 1778 1516 specta-

236 1518 342 1566 culo
353 1533 444 1562 tam
460 1516 626 1562 crudeli
641 1516 841 1577 &impio
855 1516 896 1560 ei
909 1515 1048 1560 vitam
1061 1514 1281 1562 ademerit
1297 1513 1322 1562 ὲ
1333 1533 1428 1582 quo
1440 1516 1580 1563 vitam
1595 1532 1778 1583 accepe.

236 1600 318 1631 rat.
336 1577 494 1629 Miffos
516 1579 631 1627 facio
645 1580 755 1626 alios
770 1577 1012 1641 quosdam,
1025 1580 1103 1644 qui
1119 1580 1253 1627 uobis
1275 1581 1502 1629 interdum
1531 1596 1796 1633 occurrunt}

232 1648 282 1694 in
297 1647 606 1696 historicorum
623 1645 958 1702 monumentiS,
970 1661 1026 1691 ue
1041 1640 1239 1707 nimium
1258 1643 1333 1697 hic
1344 1644 1536 1697 haeream
1550 1681 1564 1695 .
1590 1645 1774 1696 tantum

235 1707 961 1778 adijcio·quodscribunrauctores
974 1708 1251 1773 grauissimi,
1275 1710 1652 1773 iugratitudinem
1678 1710 1778 1760 sce-

237 1780 338 1825 leris
349 1774 607 1825 atrocissimi
622 1776 722 1821 loco
737 1770 821 1819 effe
833 1771 1018 1835 politam
1037 1811 1050 1830 ,
1061 1772 1178 1821 adeo
1191 1788 1238 1820 vt
1261 1789 1390 1822 tanto
1400 1775 1582 1825 crimini
1607 1792 1701 1823 non
1722 1776 1776 1827 fit

237 1845 325 1890 vlla
338 1857 474 1905 poena
487 1840 659 1903 legibus
671 1838 924 1886 constituta:
942 1838 1068 1902 quod
1084 1874 1096 1892 ,
1112 1838 1236 1886 ficuti
1255 1838 1774 1903 sapienterarbitrantur,
1839 1844 1841 1846 ’

237 1910 386 1956 maius
402 1905 611 1972 sitquam
626 1904 738 1953 vtab
751 1903 1019 1957 hominibus
1032 1904 1246 1951 vindicari
1262 1903 1612 1970 poffit,ide0c';ue
1635 1907 1691 1954 ad
1703 1908 1776 1958 vl..

235 1976 415 2021 tionem
430 1970 634 2019 diuinam
651 1968 835 2018 remitti.
849 1969 1031 2017 Tamen
1044 1970 1194 2035 legere
1205 1972 1267 2018 est
1277 1971 1399 2034 apud
1419 1970 1775 2037 Xenoph6tem,

240 2040 292 2086 in
308 2038 537 2086 Persarum
553 2035 756 2089 moribus
771 2039 814 2081 &
826 2033 993 2081 statutis
1005 2033 1094 2081 hoc
1105 2032 1189 2083 effe
1201 2034 1416 2099 positum,
1429 2051 1476 2083 vt
1489 2034 1690 2085 maxime
1702 2039 1781 2087 in·

240 2102 528 2172 gratitudinis
541 2099 1167 2163 notaminsec’tentur.Qem
1181 2101 1307 2148 enim
1329 2102 1633 2166 cognouerint
1655 2100 1779 2168 poffe

242 2169 431 2236 gratiam
447 2167 629 2222 referre,
646 2181 728 2213 nec
740 2164 890 2225 refert,
904 2166 953 2233 in
965 2163 1086 2214 hunc
1098 2163 1364 2214 seuerissime
1386 2167 1775 2217 animaduertunt:

242 2232 415 2299 quippe
429 2234 513 2296 qui
527 2232 799 2284 arbitrentur
814 2247 890 2279 eos
900 2231 983 2296 qui
995 2230 1094 2284 sunt
1106 2232 1271 2296 ingrati
1285 2267 1300 2290 ‚
1316 2235 1362 2278 ὃ(
1382 2235 1505 2280 Deos
1526 2233 1778 2299 negligere,

245 2305 292 2348 &
306 2290 530 2359 parentes,
542 2293 583 2344 δὲ
594 2293 805 2361 p'at‘riam,
821 2301 865 2343 &
879 2297 1063 2347 amicos.
1079 2296 1461 2363 Ingratitudinem
1475 2293 1600 2355 vcro,
1611 2299 1782 2361 ait,po-,-

243 2361 467 2413 riffimtim
487 2362 771 2426 impudentia
784 2363 984 2426 sequitur
1000 2399 1014 2421 ,
1074 2379 1140 2409 uae
1163 2362 1419 2412 adomnem
1442 2358 1778 2426 turpitudinem

244 2430 447 2478 maxima
461 2429 521 2476 est
533 2428 641 2476 dux.
657 2427 773 2480 Sane
789 2443 834 2475 vt
847 2428 934 2474 hoc
946 2380 1068 2492 quaii
1085 2444 1162 2490 per
1173 2427 1426 2477 trasennam
1440 2427 1778 2492 adiiciam,pul-

245 2494 489 2543 cherrimas
501 2494 673 2556 ingenij
691 2491 755 2540 sui
773 2490 891 2556 pene
916 2491 1067 2541 diuini
1081 2493 1210 2543 dotes
1224 2496 1424 2542 multum
1452 2493 1782 2542 obstumuitA-

242 2561 480 2616 ristoteles,
493 2551 830 2616 ἦμίυῷἐᾶἰᾶιιε
844 2558 900 2606 ab
914 2558 1168 2621 Athenaeo,
1192 2557 1324 2623 quod
1335 2562 1494 2607 animo
1517 2560 1566 2606 in
1588 2574 1787 2623 praecep-

243 2640 392 2673 torem
407 2625 645 2673 Platonem
657 2623 793 2678 faerit
806 2624 853 2674 in
890 2639 1282 2690 rarosquanquam
1297 2640 1452 2673 tamen
1472 2623 1639 2672 alicubi
1660 2621 1784 2670 diffi-
1855 2638 1861 2685 ;’

245 2691 392 2744 mulet
404 2688 551 2742 insuis
562 2639 1033 2758 disputationssusxex
1045 2690 1215 2762 quibus
1224 2690 1394 2742 oculati
1414 2689 1627 2743 homines
1650 2685 1783 2761 facile
1855 2693 1859 2698 “

903 2804 907 2808 .
1628 2768 1781 2808 ‘oml-
1844 2768 1846 2770 ’

292 2810 303 2823 ·
354 2812 359 2818 ·
392 2793 507 2829 --Αζί
773 2803 800 2831 -.'·⁴
836 2786 885 2841 J.

1827 2881 1861 2932 '²5'

1823 2924 1861 2973 '2⁷31
