<?xml version="1.0" encoding="UTF-8"?>
<!DOCTYPE html PUBLIC "-//W3C//DTD XHTML 1.0 Transitional//EN"
    "http://www.w3.org/TR/xhtml1/DTD/xhtml1-transitional.dtd">
<html xmlns="http://www.w3.org/1999/xhtml" xml:lang="en" lang="en">
 <head>
  <title>
</title>
<meta http-equiv="Content-Type" content="text/html;charset=utf-8" />
  <meta name='ocr-system' content='tesseract 3.04.00' />
  <meta name='ocr-capabilities' content='ocr_page ocr_carea ocr_par ocr_line ocrx_word'/>
</head>
<body>
  <div class='ocr_page' id='page_1' title='image "./omniaandreaealc00alci_0440.png"; bbox 0 0 1845 2953; ppageno 0'>
   <div class='ocr_carea' id='block_1_1' title="bbox 225 14 1773 339">
    <p class='ocr_par' dir='ltr' id='par_1_1' title="bbox 225 14 1737 71">
     <span class='ocr_line' id='line_1_1' title="bbox 225 14 1737 71; baseline -0.003 -11"><span class='ocrx_word' id='word_1_1' title='bbox 225 17 323 71; x_wconf 76' lang='lat'>408</span> <span class='ocrx_word' id='word_1_2' title='bbox 595 14 602 18; x_wconf 84' lang='grc'><strong>’</strong></span> <span class='ocrx_word' id='word_1_3' title='bbox 700 22 1023 60; x_wconf 50' lang='lat' dir='ltr'>*nonan</span> <span class='ocrx_word' id='word_1_4' title='bbox 1074 22 1374 61; x_wconf 61' lang='lat' dir='ltr'>A-zerarr</span> <span class='ocrx_word' id='word_1_5' title='bbox 1547 16 1556 21; x_wconf 80' lang='grc'><em>“</em></span> <span class='ocrx_word' id='word_1_6' title='bbox 1608 15 1621 38; x_wconf 73' lang='lat'><em>¹</em></span> <span class='ocrx_word' id='word_1_7' title='bbox 1734 33 1737 35; x_wconf 94' lang='lat'>·</span> 
     </span>
    </p>

    <p class='ocr_par' dir='ltr' id='par_1_2' title="bbox 226 70 1773 339">
     <span class='ocr_line' id='line_1_2' title="bbox 227 70 1773 144; baseline -0.001 -19"><span class='ocrx_word' id='word_1_8' title='bbox 227 75 501 126; x_wconf 79' lang='lat' dir='ltr'>Alexandria</span> <span class='ocrx_word' id='word_1_9' title='bbox 511 75 664 135; x_wconf 65' lang='grc' dir='ltr'>εει-ἕλες,</span> <span class='ocrx_word' id='word_1_10' title='bbox 679 70 808 140; x_wconf 73' lang='lat' dir='ltr'>quod</span> <span class='ocrx_word' id='word_1_11' title='bbox 822 77 988 126; x_wconf 74' lang='lat' dir='ltr'>caeteris</span> <span class='ocrx_word' id='word_1_12' title='bbox 1000 72 1284 127; x_wconf 75' lang='lat' dir='ltr'>excellerent.</span> <span class='ocrx_word' id='word_1_13' title='bbox 1339 73 1434 123; x_wconf 85' lang='lat' dir='ltr'>uod</span> <span class='ocrx_word' id='word_1_14' title='bbox 1444 71 1558 123; x_wconf 76' lang='lat' dir='ltr'>vidit</span> <span class='ocrx_word' id='word_1_15' title='bbox 1566 77 1773 144; x_wconf 57' lang='lat' dir='ltr'>Magia*-</span> 
     </span>
     <span class='ocr_line' id='line_1_3' title="bbox 230 139 1757 206; baseline -0.001 -14"><span class='ocrx_word' id='word_1_16' title='bbox 230 139 489 192; x_wconf 82' lang='lat' dir='ltr'>Miscellan.</span> <span class='ocrx_word' id='word_1_17' title='bbox 501 142 579 190; x_wconf 88' lang='lat' dir='ltr'>lib.</span> <span class='ocrx_word' id='word_1_18' title='bbox 600 159 646 201; x_wconf 83' lang='lat'>4.</span> <span class='ocrx_word' id='word_1_19' title='bbox 659 157 753 206; x_wconf 88' lang='lat' dir='ltr'>cap.</span> <span class='ocrx_word' id='word_1_20' title='bbox 768 139 1150 191; x_wconf 85' lang='lat' dir='ltr'>6.Allufitautem</span> <span class='ocrx_word' id='word_1_21' title='bbox 1160 139 1226 190; x_wconf 79' lang='lat' dir='ltr'>ad</span> <span class='ocrx_word' id='word_1_22' title='bbox 1237 139 1305 205; x_wconf 86' lang='lat' dir='ltr'>pri</span> <span class='ocrx_word' id='word_1_23' title='bbox 1326 156 1483 189; x_wconf 86' lang='lat' dir='ltr'>corum</span> <span class='ocrx_word' id='word_1_24' title='bbox 1510 143 1757 204; x_wconf 70' lang='lat' dir='ltr'>Romano-</span> 
     </span>
     <span class='ocr_line' id='line_1_4' title="bbox 226 206 1756 273; baseline 0 -19"><span class='ocrx_word' id='word_1_25' title='bbox 226 223 336 254; x_wconf 73' lang='lat' dir='ltr'>rum</span> <span class='ocrx_word' id='word_1_26' title='bbox 352 207 638 271; x_wconf 81' lang='lat' dir='ltr'>opinionem,</span> <span class='ocrx_word' id='word_1_27' title='bbox 651 207 734 273; x_wconf 89' lang='lat' dir='ltr'>qui</span> <span class='ocrx_word' id='word_1_28' title='bbox 748 209 953 254; x_wconf 84' lang='lat' dir='ltr'>Romam</span> <span class='ocrx_word' id='word_1_29' title='bbox 967 211 1011 264; x_wconf 69' lang='grc' dir='ltr'>ὃς</span> <span class='ocrx_word' id='word_1_30' title='bbox 1026 210 1295 256; x_wconf 85' lang='lat' dir='ltr'>Romanum</span> <span class='ocrx_word' id='word_1_31' title='bbox 1310 206 1555 271; x_wconf 87' lang='lat' dir='ltr'>imperium</span> <span class='ocrx_word' id='word_1_32' title='bbox 1580 206 1756 272; x_wconf 75' lang='lat' dir='ltr'>semper</span> 
     </span>
     <span class='ocr_line' id='line_1_5' title="bbox 232 272 1757 339; baseline 0.002 -19"><span class='ocrx_word' id='word_1_33' title='bbox 232 272 500 321; x_wconf 87' lang='lat' dir='ltr'>duraturum</span> <span class='ocrx_word' id='word_1_34' title='bbox 513 273 767 320; x_wconf 88' lang='lat' dir='ltr'>credebant.</span> <span class='ocrx_word' id='word_1_35' title='bbox 791 273 920 324; x_wconf 85' lang='lat' dir='ltr'>Hinc</span> <span class='ocrx_word' id='word_1_36' title='bbox 943 272 1056 320; x_wconf 91' lang='lat' dir='ltr'>illud</span> <span class='ocrx_word' id='word_1_37' title='bbox 1075 274 1136 319; x_wconf 88' lang='lat' dir='ltr'>est</span> <span class='ocrx_word' id='word_1_38' title='bbox 1159 272 1288 321; x_wconf 88' lang='lat' dir='ltr'>Iouis</span> <span class='ocrx_word' id='word_1_39' title='bbox 1308 272 1430 337; x_wconf 78' lang='lat' dir='ltr'>apud</span> <span class='ocrx_word' id='word_1_40' title='bbox 1441 275 1569 339; x_wconf 78' lang='lat' dir='ltr'>Virg.</span> <span class='ocrx_word' id='word_1_41' title='bbox 1585 273 1757 326; x_wconf 79' lang='lat' dir='ltr'>Veneri</span> 
     </span>
    </p>
   </div>
   <div class='ocr_carea' id='block_1_2' title="bbox 36 319 1049 404">
    <p class='ocr_par' dir='ltr' id='par_1_3' title="bbox 36 319 1049 404">
     <span class='ocr_line' id='line_1_6' title="bbox 36 319 1049 404; baseline -0.003 -18"><span class='ocrx_word' id='word_1_42' title='bbox 36 319 202 361; x_wconf 54' lang='lat' dir='ltr'>fimeta</span> <span class='ocrx_word' id='word_1_43' title='bbox 233 351 506 404; x_wconf 81' lang='lat' dir='ltr'>perpetuum</span> <span class='ocrx_word' id='word_1_44' title='bbox 521 338 766 400; x_wconf 88' lang='lat' dir='ltr'>imperium</span> <span class='ocrx_word' id='word_1_45' title='bbox 781 337 1049 400; x_wconf 85' lang='lat' dir='ltr'>pollicentis:</span> 
     </span>
    </p>
   </div>
   <div class='ocr_carea' id='block_1_3' title="bbox 37 378 1771 802">
    <p class='ocr_par' dir='ltr' id='par_1_4' title="bbox 37 378 1771 802">
     <span class='ocr_line' id='line_1_7' title="bbox 39 378 1344 466; baseline -0.001 -15"><span class='ocrx_word' id='word_1_46' title='bbox 39 378 161 420; x_wconf 62' lang='lat' dir='ltr'>Roma.</span> <span class='ocrx_word' id='word_1_47' title='bbox 370 407 456 451; x_wconf 86' lang='lat' dir='ltr'>His</span> <span class='ocrx_word' id='word_1_48' title='bbox 467 419 535 464; x_wconf 80' lang='lat' dir='ltr'>ego</span> <span class='ocrx_word' id='word_1_49' title='bbox 547 420 621 449; x_wconf 86' lang='lat' dir='ltr'>nec</span> <span class='ocrx_word' id='word_1_50' title='bbox 631 416 767 450; x_wconf 73' lang='lat' dir='ltr'>metas</span> <span class='ocrx_word' id='word_1_51' title='bbox 779 419 1015 460; x_wconf 78' lang='lat' dir='ltr'>rerum‚nec</span> <span class='ocrx_word' id='word_1_52' title='bbox 1023 413 1214 466; x_wconf 78' lang='lat' dir='ltr'>tempora</span> <span class='ocrx_word' id='word_1_53' title='bbox 1223 413 1344 466; x_wconf 75' lang='lat' dir='ltr'>pono3</span> 
     </span>
     <span class='ocr_line' id='line_1_8' title="bbox 374 466 1380 530; baseline 0.002 -17"><span class='ocrx_word' id='word_1_54' title='bbox 374 471 605 530; x_wconf 83' lang='lat' dir='ltr'>Imperium</span> <span class='ocrx_word' id='word_1_55' title='bbox 605 466 699 528; x_wconf 85' lang='lat' dir='ltr'>fine</span> <span class='ocrx_word' id='word_1_56' title='bbox 698 466 789 528; x_wconf 76' lang='lat' dir='ltr'>fine</span> <span class='ocrx_word' id='word_1_57' title='bbox 800 467 911 524; x_wconf 79' lang='lat' dir='ltr'>dedi.</span> <span class='ocrx_word' id='word_1_58' title='bbox 1024 468 1080 515; x_wconf 84' lang='lat' dir='ltr'>Et</span> <span class='ocrx_word' id='word_1_59' title='bbox 1095 468 1338 515; x_wconf 84' lang='lat' dir='ltr'>Ausonius=</span> <span class='ocrx_word' id='word_1_60' title='bbox 1373 514 1380 520; x_wconf 82' lang='lat'><em>,</em></span> 
     </span>
     <span class='ocr_line' id='line_1_9' title="bbox 365 528 1311 596; baseline 0.001 -17"><span class='ocrx_word' id='word_1_61' title='bbox 365 539 523 595; x_wconf 77' lang='lat' dir='ltr'>Ignota</span> <span class='ocrx_word' id='word_1_62' title='bbox 537 544 689 583; x_wconf 63' lang='lat' dir='ltr'>aterna</span> <span class='ocrx_word' id='word_1_63' title='bbox 699 530 844 595; x_wconf 79' lang='lat' dir='ltr'>nefint</span> <span class='ocrx_word' id='word_1_64' title='bbox 853 531 934 580; x_wconf 82' lang='lat' dir='ltr'>tibi</span> <span class='ocrx_word' id='word_1_65' title='bbox 944 544 1136 596; x_wconf 69' lang='lat' dir='ltr'>tempora</span> <span class='ocrx_word' id='word_1_66' title='bbox 1159 528 1311 585; x_wconf 59' lang='lat' dir='ltr'>Roma.</span> 
     </span>
     <span class='ocr_line' id='line_1_10' title="bbox 233 595 652 661; baseline -0.005 -15"><span class='ocrx_word' id='word_1_67' title='bbox 233 595 399 661; x_wconf 68' lang='lat' dir='ltr'>ldemc&#39;J</span> <span class='ocrx_word' id='word_1_68' title='bbox 407 614 431 643; x_wconf 87' lang='lat' dir='ltr'>u</span> <span class='ocrx_word' id='word_1_69' title='bbox 438 614 476 643; x_wconf 87' lang='lat' dir='ltr'>e:</span> <span class='ocrx_word' id='word_1_70' title='bbox 647 640 652 644; x_wconf 75' lang='grc'>,</span> 
     </span>
     <span class='ocr_line' id='line_1_11' title="bbox 398 659 1313 731; baseline 0.001 -23"><span class='ocrx_word' id='word_1_71' title='bbox 398 660 513 715; x_wconf 72' lang='lat' dir='ltr'>Vrbis</span> <span class='ocrx_word' id='word_1_72' title='bbox 523 660 578 714; x_wconf 82' lang='lat' dir='ltr'>ab</span> <span class='ocrx_word' id='word_1_73' title='bbox 591 675 740 710; x_wconf 69' lang='lat' dir='ltr'>aterna</span> <span class='ocrx_word' id='word_1_74' title='bbox 750 662 976 717; x_wconf 61' lang='lat' dir='ltr'>dedufiam</span> <span class='ocrx_word' id='word_1_75' title='bbox 987 680 1078 726; x_wconf 82' lang='lat' dir='ltr'>rege</span> <span class='ocrx_word' id='word_1_76' title='bbox 1101 659 1313 731; x_wconf 78' lang='lat' dir='ltr'>Qirino.</span> 
     </span>
     <span class='ocr_line' id='line_1_12' title="bbox 37 714 1771 802; baseline 0.001 -27"><span class='ocrx_word' id='word_1_77' title='bbox 37 714 209 802; x_wconf 55' lang='lat' dir='ltr'>{JZ‘JJ-</span> <span class='ocrx_word' id='word_1_78' title='bbox 238 727 326 777; x_wconf 85' lang='lat' dir='ltr'>Sed</span> <span class='ocrx_word' id='word_1_79' title='bbox 340 742 496 792; x_wconf 85' lang='lat' dir='ltr'>praeter</span> <span class='ocrx_word' id='word_1_80' title='bbox 516 726 625 785; x_wconf 88' lang='lat' dir='ltr'>haec,</span> <span class='ocrx_word' id='word_1_81' title='bbox 637 729 777 790; x_wconf 88' lang='lat' dir='ltr'>placet</span> <span class='ocrx_word' id='word_1_82' title='bbox 789 729 923 775; x_wconf 88' lang='lat' dir='ltr'>etiam</span> <span class='ocrx_word' id='word_1_83' title='bbox 950 743 1051 793; x_wconf 87' lang='lat' dir='ltr'>quae</span> <span class='ocrx_word' id='word_1_84' title='bbox 1070 727 1144 789; x_wconf 85' lang='lat' dir='ltr'>seq</span> <span class='ocrx_word' id='word_1_85' title='bbox 1152 742 1322 773; x_wconf 87' lang='lat' dir='ltr'>uuntur</span> <span class='ocrx_word' id='word_1_86' title='bbox 1348 725 1511 776; x_wconf 79' lang='lat' dir='ltr'>addere</span> <span class='ocrx_word' id='word_1_87' title='bbox 1521 764 1537 787; x_wconf 87' lang='lat'><em>‚</em></span> <span class='ocrx_word' id='word_1_88' title='bbox 1561 727 1771 792; x_wconf 80' lang='lat' dir='ltr'>philolo-</span> 
     </span>
    </p>
   </div>
   <div class='ocr_carea' id='block_1_4' title="bbox 31 785 1785 2808">
    <p class='ocr_par' dir='ltr' id='par_1_5' title="bbox 31 785 1845 2808">
     <span class='ocr_line' id='line_1_13' title="bbox 31 785 1769 870; baseline 0 -29"><span class='ocrx_word' id='word_1_89' title='bbox 31 817 106 870; x_wconf 57' lang='lat'>354</span> <span class='ocrx_word' id='word_1_90' title='bbox 236 809 399 858; x_wconf 80' lang='lat' dir='ltr'>gorum</span> <span class='ocrx_word' id='word_1_91' title='bbox 414 792 568 857; x_wconf 39' lang='lat' dir='ltr'>gratia‘</span> <span class='ocrx_word' id='word_1_92' title='bbox 586 794 858 839; x_wconf 82' lang='lat' dir='ltr'>Ammianus</span> <span class='ocrx_word' id='word_1_93' title='bbox 872 785 1170 839; x_wconf 74' lang='lat' dir='ltr'>Marcellinus</span> <span class='ocrx_word' id='word_1_94' title='bbox 1182 791 1263 838; x_wconf 88' lang='lat' dir='ltr'>lib.</span> <span class='ocrx_word' id='word_1_95' title='bbox 1288 807 1305 837; x_wconf 84' lang='lat'>1</span> <span class='ocrx_word' id='word_1_96' title='bbox 1320 806 1361 853; x_wconf 85' lang='lat'>5.</span> <span class='ocrx_word' id='word_1_97' title='bbox 1374 793 1557 841; x_wconf 83' lang='lat' dir='ltr'>Tamen</span> <span class='ocrx_word' id='word_1_98' title='bbox 1569 792 1769 841; x_wconf 52' lang='lat' dir='ltr'>audiori·</span> 
     </span>
     <span class='ocr_line' id='line_1_14' title="bbox 35 854 1768 922; baseline 0.001 -17"><span class='ocrx_word' id='word_1_99' title='bbox 35 871 42 879; x_wconf 77' lang='grc'><strong>“</strong></span> <span class='ocrx_word' id='word_1_100' title='bbox 67 874 69 877; x_wconf 57' lang='lat'><em>⁴</em></span> <span class='ocrx_word' id='word_1_101' title='bbox 236 874 329 905; x_wconf 90' lang='lat' dir='ltr'>tate</span> <span class='ocrx_word' id='word_1_102' title='bbox 341 873 431 922; x_wconf 85' lang='lat' dir='ltr'>qua</span> <span class='ocrx_word' id='word_1_103' title='bbox 448 857 644 919; x_wconf 86' lang='lat' dir='ltr'>potiores</span> <span class='ocrx_word' id='word_1_104' title='bbox 656 872 831 909; x_wconf 84' lang='lat' dir='ltr'>aeternae</span> <span class='ocrx_word' id='word_1_105' title='bbox 843 856 960 903; x_wconf 89' lang='lat' dir='ltr'>vrbis</span> <span class='ocrx_word' id='word_1_106' title='bbox 975 854 1183 920; x_wconf 84' lang='lat' dir='ltr'>Episcopi</span> <span class='ocrx_word' id='word_1_107' title='bbox 1201 892 1213 912; x_wconf 92' lang='lat'>,</span> <span class='ocrx_word' id='word_1_108' title='bbox 1227 855 1396 903; x_wconf 86' lang='lat' dir='ltr'>firmari</span> <span class='ocrx_word' id='word_1_109' title='bbox 1404 856 1623 908; x_wconf 71' lang='lat' dir='ltr'>desiderio</span> <span class='ocrx_word' id='word_1_110' title='bbox 1643 858 1768 906; x_wconf 80' lang='lat' dir='ltr'>uite-</span> 
     </span>
     <span class='ocr_line' id='line_1_15' title="bbox 238 920 1774 988; baseline -0.002 -18"><span class='ocrx_word' id='word_1_111' title='bbox 238 924 369 971; x_wconf 85' lang='lat' dir='ltr'>batur</span> <span class='ocrx_word' id='word_1_112' title='bbox 378 921 567 971; x_wconf 85' lang='lat' dir='ltr'>ardenti.</span> <span class='ocrx_word' id='word_1_113' title='bbox 586 920 716 968; x_wconf 88' lang='lat' dir='ltr'>Idem</span> <span class='ocrx_word' id='word_1_114' title='bbox 729 922 806 968; x_wconf 85' lang='lat' dir='ltr'>lib.</span> <span class='ocrx_word' id='word_1_115' title='bbox 817 939 833 968; x_wconf 90' lang='lat'>1</span> <span class='ocrx_word' id='word_1_116' title='bbox 847 931 889 969; x_wconf 86' lang='lat'>6.</span> <span class='ocrx_word' id='word_1_117' title='bbox 907 922 963 968; x_wconf 85' lang='lat' dir='ltr'>Et</span> <span class='ocrx_word' id='word_1_118' title='bbox 985 920 1104 968; x_wconf 85' lang='lat' dir='ltr'>vrbis</span> <span class='ocrx_word' id='word_1_119' title='bbox 1118 920 1414 984; x_wconf 83' lang='lat' dir='ltr'>templorum,</span> <span class='ocrx_word' id='word_1_120' title='bbox 1428 920 1676 988; x_wconf 60' lang='lat' dir='ltr'>sommilue</span> <span class='ocrx_word' id='word_1_121' title='bbox 1689 925 1774 974; x_wconf 75' lang='lat' dir='ltr'>Pa.</span> 
     </span>
     <span class='ocr_line' id='line_1_16' title="bbox 183 983 1773 1054; baseline 0.001 -20"><span class='ocrx_word' id='word_1_122' title='bbox 183 983 196 996; x_wconf 83' lang='grc'><em>“</em></span> <span class='ocrx_word' id='word_1_123' title='bbox 236 989 317 1043; x_wconf 87' lang='lat' dir='ltr'>cis,</span> <span class='ocrx_word' id='word_1_124' title='bbox 331 992 373 1033; x_wconf 92' lang='lat'>&amp;</span> <span class='ocrx_word' id='word_1_125' title='bbox 386 986 592 1050; x_wconf 88' lang='lat' dir='ltr'>Pompeij</span> <span class='ocrx_word' id='word_1_126' title='bbox 616 985 863 1045; x_wconf 67' lang='lat' dir='ltr'>theatrum,</span> <span class='ocrx_word' id='word_1_127' title='bbox 875 990 920 1032; x_wconf 86' lang='lat'>&amp;</span> <span class='ocrx_word' id='word_1_128' title='bbox 933 986 1154 1042; x_wconf 73' lang='lat' dir='ltr'>Odaeum,</span> <span class='ocrx_word' id='word_1_129' title='bbox 1167 989 1212 1032; x_wconf 86' lang='lat'>&amp;</span> <span class='ocrx_word' id='word_1_130' title='bbox 1225 985 1436 1044; x_wconf 86' lang='lat' dir='ltr'>stadium,</span> <span class='ocrx_word' id='word_1_131' title='bbox 1455 985 1636 1054; x_wconf 50' lang='lat' dir='ltr'>aliafiue</span> <span class='ocrx_word' id='word_1_132' title='bbox 1653 989 1773 1041; x_wconf 69' lang='lat' dir='ltr'>inte:</span> 
     </span>
     <span class='ocr_line' id='line_1_17' title="bbox 237 1047 1773 1106; baseline 0 -5"><span class='ocrx_word' id='word_1_133' title='bbox 237 1051 333 1101; x_wconf 85' lang='lat' dir='ltr'>haec</span> <span class='ocrx_word' id='word_1_134' title='bbox 342 1051 502 1101; x_wconf 87' lang='lat' dir='ltr'>decora</span> <span class='ocrx_word' id='word_1_135' title='bbox 513 1052 629 1097; x_wconf 85' lang='lat' dir='ltr'>vrbis</span> <span class='ocrx_word' id='word_1_136' title='bbox 638 1050 1051 1098; x_wconf 83' lang='lat' dir='ltr'>aeternae.1demlib.</span> <span class='ocrx_word' id='word_1_137' title='bbox 1070 1063 1135 1106; x_wconf 87' lang='lat'>19.</span> <span class='ocrx_word' id='word_1_138' title='bbox 1157 1047 1488 1099; x_wconf 86' lang='lat' dir='ltr'>Difficultatem</span> <span class='ocrx_word' id='word_1_139' title='bbox 1512 1054 1773 1102; x_wconf 76' lang='lat' dir='ltr'>aduentan-</span> 
     </span>
     <span class='ocr_line' id='line_1_18' title="bbox 236 1115 1768 1182; baseline 0.002 -17"><span class='ocrx_word' id='word_1_140' title='bbox 236 1118 298 1165; x_wconf 82' lang='lat' dir='ltr'>ris</span> <span class='ocrx_word' id='word_1_141' title='bbox 308 1117 474 1182; x_wconf 88' lang='lat' dir='ltr'>inopiae</span> <span class='ocrx_word' id='word_1_142' title='bbox 487 1115 822 1163; x_wconf 84' lang='lat' dir='ltr'>frumentorum</span> <span class='ocrx_word' id='word_1_143' title='bbox 836 1115 936 1165; x_wconf 87' lang='lat' dir='ltr'>vrbs</span> <span class='ocrx_word' id='word_1_144' title='bbox 949 1115 1183 1165; x_wconf 82' lang='lat' dir='ltr'>verebatur</span> <span class='ocrx_word' id='word_1_145' title='bbox 1193 1129 1373 1164; x_wconf 69' lang='lat' dir='ltr'>aeterna.</span> <span class='ocrx_word' id='word_1_146' title='bbox 1387 1115 1519 1164; x_wconf 87' lang='lat' dir='ltr'>Idem</span> <span class='ocrx_word' id='word_1_147' title='bbox 1533 1120 1768 1172; x_wconf 80' lang='lat' dir='ltr'>Ammian.</span> 
     </span>
     <span class='ocr_line' id='line_1_19' title="bbox 236 1177 1775 1245; baseline 0.002 -15"><span class='ocrx_word' id='word_1_148' title='bbox 236 1181 322 1231; x_wconf 81' lang='lat' dir='ltr'>lib.</span> <span class='ocrx_word' id='word_1_149' title='bbox 345 1193 414 1230; x_wconf 85' lang='lat'>16.</span> <span class='ocrx_word' id='word_1_150' title='bbox 432 1185 634 1229; x_wconf 88' lang='lat' dir='ltr'>Romam</span> <span class='ocrx_word' id='word_1_151' title='bbox 648 1177 889 1245; x_wconf 83' lang='lat' dir='ltr'>ingressus,</span> <span class='ocrx_word' id='word_1_152' title='bbox 907 1180 1086 1242; x_wconf 87' lang='lat' dir='ltr'>imperij</span> <span class='ocrx_word' id='word_1_153' title='bbox 1112 1179 1427 1245; x_wconf 71' lang='lat' dir='ltr'>virtutumt&#39;Jue</span> <span class='ocrx_word' id='word_1_154' title='bbox 1439 1186 1653 1230; x_wconf 88' lang='lat' dir='ltr'>omnium</span> <span class='ocrx_word' id='word_1_155' title='bbox 1666 1182 1775 1233; x_wconf 66' lang='lat' dir='ltr'>lare.</span> 
     </span>
     <span class='ocr_line' id='line_1_20' title="bbox 241 1244 1773 1308; baseline 0.002 -15"><span class='ocrx_word' id='word_1_156' title='bbox 241 1250 289 1294; x_wconf 76' lang='grc' dir='ltr'>δι</span> <span class='ocrx_word' id='word_1_157' title='bbox 304 1247 382 1295; x_wconf 90' lang='lat' dir='ltr'>lib.</span> <span class='ocrx_word' id='word_1_158' title='bbox 403 1262 418 1292; x_wconf 95' lang='lat'>1</span> <span class='ocrx_word' id='word_1_159' title='bbox 433 1263 477 1304; x_wconf 89' lang='lat'>7.</span> <span class='ocrx_word' id='word_1_160' title='bbox 496 1247 543 1294; x_wconf 84' lang='lat' dir='ltr'>si</span> <span class='ocrx_word' id='word_1_161' title='bbox 554 1244 753 1292; x_wconf 88' lang='lat' dir='ltr'>ablatum</span> <span class='ocrx_word' id='word_1_162' title='bbox 770 1260 863 1290; x_wconf 85' lang='lat' dir='ltr'>vno</span> <span class='ocrx_word' id='word_1_163' title='bbox 873 1245 1048 1308; x_wconf 89' lang='lat' dir='ltr'>templo</span> <span class='ocrx_word' id='word_1_164' title='bbox 1058 1244 1330 1291; x_wconf 84' lang='lat' dir='ltr'>miraculum</span> <span class='ocrx_word' id='word_1_165' title='bbox 1345 1248 1511 1295; x_wconf 82' lang='lat' dir='ltr'>Romae</span> <span class='ocrx_word' id='word_1_166' title='bbox 1522 1245 1773 1307; x_wconf 79' lang='lat' dir='ltr'>sacraret‚id</span> 
     </span>
     <span class='ocr_line' id='line_1_21' title="bbox 239 1306 1777 1376; baseline 0.001 -18"><span class='ocrx_word' id='word_1_167' title='bbox 239 1312 361 1359; x_wconf 86' lang='lat' dir='ltr'>estin</span> <span class='ocrx_word' id='word_1_168' title='bbox 373 1311 549 1374; x_wconf 86' lang='lat' dir='ltr'>templo</span> <span class='ocrx_word' id='word_1_169' title='bbox 563 1309 722 1355; x_wconf 89' lang='lat' dir='ltr'>mundi</span> <span class='ocrx_word' id='word_1_170' title='bbox 735 1310 891 1361; x_wconf 88' lang='lat' dir='ltr'>totius,</span> <span class='ocrx_word' id='word_1_171' title='bbox 903 1313 986 1363; x_wconf 62' lang='lat' dir='ltr'>&amp;a</span> <span class='ocrx_word' id='word_1_172' title='bbox 1005 1306 1330 1357; x_wconf 80' lang='lat' dir='ltr'>Necdiffimile</span> <span class='ocrx_word' id='word_1_173' title='bbox 1341 1311 1402 1357; x_wconf 88' lang='lat' dir='ltr'>est</span> <span class='ocrx_word' id='word_1_174' title='bbox 1425 1312 1553 1376; x_wconf 86' lang='lat' dir='ltr'>quod</span> <span class='ocrx_word' id='word_1_175' title='bbox 1572 1312 1634 1359; x_wconf 92' lang='lat' dir='ltr'>ait</span> <span class='ocrx_word' id='word_1_176' title='bbox 1657 1311 1777 1364; x_wconf 86' lang='lat' dir='ltr'>Cas·</span> 
     </span>
     <span class='ocr_line' id='line_1_22' title="bbox 239 1373 1777 1444; baseline -0.003 -21"><span class='ocrx_word' id='word_1_177' title='bbox 239 1376 531 1423; x_wconf 80' lang='lat' dir='ltr'>siodoruslib.</span> <span class='ocrx_word' id='word_1_178' title='bbox 550 1392 566 1421; x_wconf 89' lang='lat' dir='ltr'>r</span> <span class='ocrx_word' id='word_1_179' title='bbox 579 1411 590 1421; x_wconf 89' lang='lat'><strong>.</strong></span> <span class='ocrx_word' id='word_1_180' title='bbox 603 1373 904 1436; x_wconf 87' lang='lat' dir='ltr'>Variar.epist.</span> <span class='ocrx_word' id='word_1_181' title='bbox 920 1389 994 1433; x_wconf 84' lang='lat'><em>3²--</em></span> <span class='ocrx_word' id='word_1_182' title='bbox 1008 1375 1162 1420; x_wconf 84' lang='lat' dir='ltr'>Roma</span> <span class='ocrx_word' id='word_1_183' title='bbox 1175 1387 1318 1421; x_wconf 85' lang='lat' dir='ltr'>mater</span> <span class='ocrx_word' id='word_1_184' title='bbox 1336 1375 1552 1427; x_wconf 83' lang='lat' dir='ltr'>omnium</span> <span class='ocrx_word' id='word_1_185' title='bbox 1574 1376 1777 1444; x_wconf 81' lang='lat' dir='ltr'>dignita-</span> 
     </span>
     <span class='ocr_line' id='line_1_23' title="bbox 238 1433 1773 1504; baseline 0.001 -16"><span class='ocrx_word' id='word_1_186' title='bbox 238 1455 359 1491; x_wconf 86' lang='lat' dir='ltr'>tum.</span> <span class='ocrx_word' id='word_1_187' title='bbox 373 1439 551 1504; x_wconf 86' lang='lat' dir='ltr'>&amp;epist.</span> <span class='ocrx_word' id='word_1_188' title='bbox 577 1455 648 1498; x_wconf 87' lang='lat'>39.</span> <span class='ocrx_word' id='word_1_189' title='bbox 662 1441 818 1484; x_wconf 89' lang='lat' dir='ltr'>Roma</span> <span class='ocrx_word' id='word_1_190' title='bbox 829 1436 1103 1500; x_wconf 88' lang='lat' dir='ltr'>eloquentiae</span> <span class='ocrx_word' id='word_1_191' title='bbox 1129 1433 1322 1485; x_wconf 87' lang='lat' dir='ltr'>fecunda</span> <span class='ocrx_word' id='word_1_192' title='bbox 1343 1453 1488 1488; x_wconf 84' lang='lat' dir='ltr'>mater</span> <span class='ocrx_word' id='word_1_193' title='bbox 1508 1474 1523 1497; x_wconf 91' lang='lat'><strong>,</strong></span> <span class='ocrx_word' id='word_1_194' title='bbox 1547 1440 1773 1495; x_wconf 81' lang='lat' dir='ltr'>virtutum</span> 
     </span>
     <span class='ocr_line' id='line_1_24' title="bbox 239 1500 1776 1574; baseline 0.001 -21"><span class='ocrx_word' id='word_1_195' title='bbox 239 1504 726 1553; x_wconf 86' lang='lat' dir='ltr'>omniumlatiffimum</span> <span class='ocrx_word' id='word_1_196' title='bbox 741 1501 988 1565; x_wconf 85' lang='lat' dir='ltr'>templum,</span> <span class='ocrx_word' id='word_1_197' title='bbox 1003 1506 1089 1548; x_wconf 70' lang='grc' dir='ltr'>διε.</span> <span class='ocrx_word' id='word_1_198' title='bbox 1101 1501 1244 1548; x_wconf 74' lang='lat' dir='ltr'>Facile</span> <span class='ocrx_word' id='word_1_199' title='bbox 1267 1500 1343 1556; x_wconf 81' lang='lat' dir='ltr'>hic</span> <span class='ocrx_word' id='word_1_200' title='bbox 1356 1505 1653 1566; x_wconf 86' lang='lat' dir='ltr'>praetcrmitto</span> <span class='ocrx_word' id='word_1_201' title='bbox 1672 1523 1776 1574; x_wconf 78' lang='lat' dir='ltr'>quae</span> 
     </span>
     <span class='ocr_line' id='line_1_25' title="bbox 239 1565 1680 1633; baseline 0.001 -14"><span class='ocrx_word' id='word_1_202' title='bbox 239 1584 368 1619; x_wconf 87' lang='lat' dir='ltr'>notat</span> <span class='ocrx_word' id='word_1_203' title='bbox 382 1571 576 1616; x_wconf 87' lang='lat' dir='ltr'>Alciatus</span> <span class='ocrx_word' id='word_1_204' title='bbox 589 1569 681 1630; x_wconf 91' lang='lat' dir='ltr'>ipse</span> <span class='ocrx_word' id='word_1_205' title='bbox 697 1566 1051 1614; x_wconf 81' lang='lat' dir='ltr'>Commentario</span> <span class='ocrx_word' id='word_1_206' title='bbox 1063 1569 1138 1613; x_wconf 92' lang='lat' dir='ltr'>De</span> <span class='ocrx_word' id='word_1_207' title='bbox 1151 1567 1270 1615; x_wconf 81' lang='lat' dir='ltr'>verb.</span> <span class='ocrx_word' id='word_1_208' title='bbox 1286 1565 1475 1633; x_wconf 86' lang='lat' dir='ltr'>fignific.</span> <span class='ocrx_word' id='word_1_209' title='bbox 1490 1569 1589 1617; x_wconf 84' lang='lat' dir='ltr'>adl.</span> <span class='ocrx_word' id='word_1_210' title='bbox 1606 1578 1680 1629; x_wconf 80' lang='grc'>87.</span> 
     </span>
     <span class='ocr_line' id='line_1_26' title="bbox 301 1630 1774 1698; baseline 0 -14"><span class='ocrx_word' id='word_1_211' title='bbox 301 1633 503 1684; x_wconf 65' lang='grc' dir='ltr'>Ιεῶαειὲνη</span> <span class='ocrx_word' id='word_1_212' title='bbox 510 1632 716 1698; x_wconf 65' lang='lat' dir='ltr'>pramifflr</span> <span class='ocrx_word' id='word_1_213' title='bbox 725 1631 927 1697; x_wconf 56' lang='lat' dir='ltr'>mamm]</span> <span class='ocrx_word' id='word_1_214' title='bbox 943 1631 989 1678; x_wconf 88' lang='lat' dir='ltr'>id</span> <span class='ocrx_word' id='word_1_215' title='bbox 1001 1632 1058 1678; x_wconf 89' lang='lat' dir='ltr'>est</span> <span class='ocrx_word' id='word_1_216' title='bbox 1068 1669 1080 1689; x_wconf 92' lang='lat'>‚</span> <span class='ocrx_word' id='word_1_217' title='bbox 1092 1630 1343 1679; x_wconf 88' lang='lat' dir='ltr'>multitudo</span> <span class='ocrx_word' id='word_1_218' title='bbox 1353 1631 1518 1698; x_wconf 82' lang='lat' dir='ltr'>Vlyffis</span> <span class='ocrx_word' id='word_1_219' title='bbox 1529 1633 1774 1696; x_wconf 86' lang='lat' dir='ltr'>sociorum,</span> 
     </span>
     <span class='ocr_line' id='line_1_27' title="bbox 241 1694 1780 1766; baseline 0.001 -18"><span class='ocrx_word' id='word_1_220' title='bbox 241 1715 360 1766; x_wconf 80' lang='lat' dir='ltr'>quos</span> <span class='ocrx_word' id='word_1_221' title='bbox 391 1700 673 1761; x_wconf 81' lang='lat' dir='ltr'>exploratum</span> <span class='ocrx_word' id='word_1_222' title='bbox 697 1694 875 1750; x_wconf 85' lang='lat' dir='ltr'>miserat</span> <span class='ocrx_word' id='word_1_223' title='bbox 895 1696 945 1742; x_wconf 86' lang='lat' dir='ltr'>in</span> <span class='ocrx_word' id='word_1_224' title='bbox 959 1695 1329 1762; x_wconf 86' lang='lat' dir='ltr'>Lotophagorum</span> <span class='ocrx_word' id='word_1_225' title='bbox 1343 1699 1529 1759; x_wconf 79' lang='lat' dir='ltr'>patriam</span> <span class='ocrx_word' id='word_1_226' title='bbox 1548 1734 1562 1748; x_wconf 89' lang='lat'><strong><em>.</em></strong></span> <span class='ocrx_word' id='word_1_227' title='bbox 1577 1703 1780 1764; x_wconf 74' lang='lat' dir='ltr'>praeclara</span> 
     </span>
     <span class='ocr_line' id='line_1_28' title="bbox 243 1759 1777 1826; baseline -0.001 -13"><span class='ocrx_word' id='word_1_228' title='bbox 243 1762 342 1813; x_wconf 79' lang='lat' dir='ltr'>haec</span> <span class='ocrx_word' id='word_1_229' title='bbox 353 1763 471 1812; x_wconf 71' lang='lat' dir='ltr'>certe</span> <span class='ocrx_word' id='word_1_230' title='bbox 485 1767 710 1811; x_wconf 83' lang='lat' dir='ltr'>Romanae</span> <span class='ocrx_word' id='word_1_231' title='bbox 724 1760 840 1808; x_wconf 87' lang='lat' dir='ltr'>vrbis</span> <span class='ocrx_word' id='word_1_232' title='bbox 856 1760 1018 1826; x_wconf 88' lang='lat' dir='ltr'>elogia:</span> <span class='ocrx_word' id='word_1_233' title='bbox 1032 1765 1077 1809; x_wconf 69' lang='grc' dir='ltr'>ὃ(</span> <span class='ocrx_word' id='word_1_234' title='bbox 1091 1759 1257 1808; x_wconf 79' lang='lat' dir='ltr'>merito</span> <span class='ocrx_word' id='word_1_235' title='bbox 1268 1761 1457 1825; x_wconf 89' lang='lat' dir='ltr'>quidem</span> <span class='ocrx_word' id='word_1_236' title='bbox 1472 1776 1486 1810; x_wconf 81' lang='lat'>3</span> <span class='ocrx_word' id='word_1_237' title='bbox 1504 1779 1555 1810; x_wconf 90' lang='lat' dir='ltr'>ea</span> <span class='ocrx_word' id='word_1_238' title='bbox 1569 1766 1692 1812; x_wconf 89' lang='lat' dir='ltr'>enim</span> <span class='ocrx_word' id='word_1_239' title='bbox 1707 1781 1777 1817; x_wconf 83' lang='lat' dir='ltr'>tot</span> 
     </span>
     <span class='ocr_line' id='line_1_29' title="bbox 243 1823 1783 1895; baseline 0.002 -17"><span class='ocrx_word' id='word_1_240' title='bbox 243 1830 521 1895; x_wconf 84' lang='lat' dir='ltr'>populorum</span> <span class='ocrx_word' id='word_1_241' title='bbox 534 1826 755 1875; x_wconf 75' lang='lat' dir='ltr'>discordes</span> <span class='ocrx_word' id='word_1_242' title='bbox 764 1823 967 1888; x_wconf 64' lang='lat' dir='ltr'>ferasc&#39;jue</span> <span class='ocrx_word' id='word_1_243' title='bbox 981 1825 1175 1889; x_wconf 85' lang='lat' dir='ltr'>linguas,</span> <span class='ocrx_word' id='word_1_244' title='bbox 1190 1825 1340 1878; x_wconf 84' lang='lat' dir='ltr'>Latini</span> <span class='ocrx_word' id='word_1_245' title='bbox 1352 1826 1570 1878; x_wconf 78' lang='lat' dir='ltr'>sermonis</span> <span class='ocrx_word' id='word_1_246' title='bbox 1595 1831 1783 1881; x_wconf 71' lang='lat' dir='ltr'>c6mer·</span> 
     </span>
     <span class='ocr_line' id='line_1_30' title="bbox 243 1889 1151 1957; baseline -0.008 -15"><span class='ocrx_word' id='word_1_247' title='bbox 243 1894 315 1945; x_wconf 89' lang='lat' dir='ltr'>cio</span> <span class='ocrx_word' id='word_1_248' title='bbox 327 1895 381 1941; x_wconf 86' lang='lat' dir='ltr'>ad</span> <span class='ocrx_word' id='word_1_249' title='bbox 395 1893 622 1957; x_wconf 88' lang='lat' dir='ltr'>colloquia</span> <span class='ocrx_word' id='word_1_250' title='bbox 633 1890 870 1944; x_wconf 84' lang='lat' dir='ltr'>contraxit,</span> <span class='ocrx_word' id='word_1_251' title='bbox 883 1892 945 1936; x_wconf 88' lang='lat' dir='ltr'>ait</span> <span class='ocrx_word' id='word_1_252' title='bbox 961 1889 1151 1936; x_wconf 88' lang='lat' dir='ltr'>Plinius.</span> 
     </span>
     <span class='ocr_line' id='line_1_31' title="bbox 313 1952 1778 2021; baseline 0.004 -15"><span class='ocrx_word' id='word_1_253' title='bbox 313 1959 532 2008; x_wconf 81' lang='lat' dir='ltr'>dulcedine</span> <span class='ocrx_word' id='word_1_254' title='bbox 540 1957 660 2021; x_wconf 57' lang='grc' dir='ltr'>ἰωὴ]</span> <span class='ocrx_word' id='word_1_255' title='bbox 679 1955 910 2018; x_wconf 82' lang='lat' dir='ltr'>Polybius,</span> <span class='ocrx_word' id='word_1_256' title='bbox 924 1952 1116 2000; x_wconf 67' lang='lat' dir='ltr'>historiae</span> <span class='ocrx_word' id='word_1_257' title='bbox 1130 1952 1317 2019; x_wconf 88' lang='lat' dir='ltr'>scriptor</span> <span class='ocrx_word' id='word_1_258' title='bbox 1328 1955 1535 2019; x_wconf 71' lang='grc' dir='ltr'>ἇξιὸπιςυς</span> <span class='ocrx_word' id='word_1_259' title='bbox 1544 1959 1606 2008; x_wconf 82' lang='lat' dir='ltr'>ait</span> <span class='ocrx_word' id='word_1_260' title='bbox 1618 1959 1668 2008; x_wconf 89' lang='lat' dir='ltr'>in</span> <span class='ocrx_word' id='word_1_261' title='bbox 1696 1977 1716 2011; x_wconf 85' lang='lat' dir='ltr'>t</span> <span class='ocrx_word' id='word_1_262' title='bbox 1727 1980 1754 2020; x_wconf 72' lang='lat'>2</span> <span class='ocrx_word' id='word_1_263' title='bbox 1763 1986 1778 2012; x_wconf 90' lang='lat'>·.</span> 
     </span>
     <span class='ocr_line' id='line_1_32' title="bbox 248 2018 1782 2085; baseline -0.001 -14"><span class='ocrx_word' id='word_1_264' title='bbox 248 2026 401 2072; x_wconf 82' lang='lat' dir='ltr'>Loton</span> <span class='ocrx_word' id='word_1_265' title='bbox 414 2024 617 2070; x_wconf 82' lang='lat' dir='ltr'>arborem</span> <span class='ocrx_word' id='word_1_266' title='bbox 632 2019 849 2085; x_wconf 84' lang='lat' dir='ltr'>asperam,</span> <span class='ocrx_word' id='word_1_267' title='bbox 861 2018 1116 2084; x_wconf 64' lang='lat' dir='ltr'>pumilaml,</span> <span class='ocrx_word' id='word_1_268' title='bbox 1139 2018 1358 2083; x_wconf 83' lang='lat' dir='ltr'>spinosam</span> <span class='ocrx_word' id='word_1_269' title='bbox 1377 2059 1391 2080; x_wconf 88' lang='lat'>,</span> <span class='ocrx_word' id='word_1_270' title='bbox 1417 2020 1655 2073; x_wconf 89' lang='lat' dir='ltr'>frondibus</span> <span class='ocrx_word' id='word_1_271' title='bbox 1674 2028 1782 2074; x_wconf 83' lang='lat' dir='ltr'>viri.</span> 
     </span>
     <span class='ocr_line' id='line_1_33' title="bbox 247 2083 1781 2156; baseline 0.003 -21"><span class='ocrx_word' id='word_1_272' title='bbox 247 2087 432 2143; x_wconf 83' lang='lat' dir='ltr'>dantem</span> <span class='ocrx_word' id='word_1_273' title='bbox 446 2087 639 2134; x_wconf 88' lang='lat' dir='ltr'>rhamno</span> <span class='ocrx_word' id='word_1_274' title='bbox 652 2084 887 2142; x_wconf 79' lang='lat' dir='ltr'>similibus,</span> <span class='ocrx_word' id='word_1_275' title='bbox 901 2084 1027 2131; x_wconf 90' lang='lat' dir='ltr'>cuius</span> <span class='ocrx_word' id='word_1_276' title='bbox 1039 2083 1212 2131; x_wconf 50' lang='lat' dir='ltr'>fruetus</span> <span class='ocrx_word' id='word_1_277' title='bbox 1231 2086 1369 2133; x_wconf 88' lang='lat' dir='ltr'>initio</span> <span class='ocrx_word' id='word_1_278' title='bbox 1391 2087 1591 2135; x_wconf 88' lang='lat' dir='ltr'>candidis</span> <span class='ocrx_word' id='word_1_279' title='bbox 1612 2093 1781 2156; x_wconf 86' lang='lat' dir='ltr'>myrti-</span> 
     </span>
     <span class='ocr_line' id='line_1_34' title="bbox 246 2146 1785 2221; baseline 0.001 -20"><span class='ocrx_word' id='word_1_280' title='bbox 246 2153 380 2201; x_wconf 85' lang='lat' dir='ltr'>dibus</span> <span class='ocrx_word' id='word_1_281' title='bbox 391 2169 486 2199; x_wconf 85' lang='lat' dir='ltr'>non</span> <span class='ocrx_word' id='word_1_282' title='bbox 501 2150 550 2198; x_wconf 86' lang='lat' dir='ltr'>fit</span> <span class='ocrx_word' id='word_1_283' title='bbox 562 2149 781 2198; x_wconf 74' lang='lat' dir='ltr'>dissimilis</span> <span class='ocrx_word' id='word_1_284' title='bbox 795 2184 810 2204; x_wconf 87' lang='lat'>,</span> <span class='ocrx_word' id='word_1_285' title='bbox 822 2154 928 2196; x_wconf 81' lang='lat' dir='ltr'>mox</span> <span class='ocrx_word' id='word_1_286' title='bbox 941 2146 1186 2196; x_wconf 87' lang='lat' dir='ltr'>increscens</span> <span class='ocrx_word' id='word_1_287' title='bbox 1199 2151 1381 2215; x_wconf 88' lang='lat' dir='ltr'>palmeo</span> <span class='ocrx_word' id='word_1_288' title='bbox 1402 2153 1553 2200; x_wconf 87' lang='lat' dir='ltr'>colore</span> <span class='ocrx_word' id='word_1_289' title='bbox 1567 2189 1581 2211; x_wconf 92' lang='lat'><strong>,</strong></span> <span class='ocrx_word' id='word_1_290' title='bbox 1603 2158 1785 2221; x_wconf 72' lang='lat' dir='ltr'>magni-</span> 
     </span>
     <span class='ocr_line' id='line_1_35' title="bbox 246 2212 1785 2326; baseline -0.002 -61"><span class='ocrx_word' id='word_1_291' title='bbox 246 2215 624 2273; x_wconf 84' lang='lat' dir='ltr'>tudinerotundae</span> <span class='ocrx_word' id='word_1_292' title='bbox 639 2217 790 2271; x_wconf 88' lang='lat' dir='ltr'>oliuae,</span> <span class='ocrx_word' id='word_1_293' title='bbox 804 2213 965 2262; x_wconf 89' lang='lat' dir='ltr'>nucleo</span> <span class='ocrx_word' id='word_1_294' title='bbox 959 2212 1235 2326; x_wconf 69' lang='lat' dir='ltr'>fiper-pusille,</span> <span class='ocrx_word' id='word_1_295' title='bbox 1250 2214 1277 2264; x_wconf 80' lang='grc' dir='ltr'><strong><em>ὲ</em></strong></span> <span class='ocrx_word' id='word_1_296' title='bbox 1288 2231 1384 2280; x_wconf 93' lang='lat' dir='ltr'>quo</span> <span class='ocrx_word' id='word_1_297' title='bbox 1394 2215 1605 2266; x_wconf 84' lang='lat' dir='ltr'>delicatus</span> <span class='ocrx_word' id='word_1_298' title='bbox 1632 2223 1785 2286; x_wconf 72' lang='lat' dir='ltr'>expri-</span> 
     </span>
     <span class='ocr_line' id='line_1_36' title="bbox 246 2279 1775 2345; baseline 0.003 -15"><span class='ocrx_word' id='word_1_299' title='bbox 246 2283 389 2331; x_wconf 88' lang='lat' dir='ltr'>mitur</span> <span class='ocrx_word' id='word_1_300' title='bbox 400 2283 534 2340; x_wconf 80' lang='lat' dir='ltr'>latex,</span> <span class='ocrx_word' id='word_1_301' title='bbox 547 2297 642 2345; x_wconf 88' lang='lat' dir='ltr'>quo</span> <span class='ocrx_word' id='word_1_302' title='bbox 653 2279 742 2327; x_wconf 86' lang='lat' dir='ltr'>fitis</span> <span class='ocrx_word' id='word_1_303' title='bbox 755 2279 948 2334; x_wconf 90' lang='lat' dir='ltr'>leuatur,</span> <span class='ocrx_word' id='word_1_304' title='bbox 993 2295 1050 2326; x_wconf 87' lang='lat' dir='ltr'>ne</span> <span class='ocrx_word' id='word_1_305' title='bbox 1060 2279 1262 2327; x_wconf 79' lang='lat' dir='ltr'>admixtu</span> <span class='ocrx_word' id='word_1_306' title='bbox 1276 2280 1404 2345; x_wconf 84' lang='lat' dir='ltr'>aqu&#39;ae</span> <span class='ocrx_word' id='word_1_307' title='bbox 1420 2317 1435 2339; x_wconf 94' lang='lat'>,</span> <span class='ocrx_word' id='word_1_308' title='bbox 1449 2282 1520 2328; x_wconf 88' lang='lat' dir='ltr'>sed</span> <span class='ocrx_word' id='word_1_309' title='bbox 1533 2284 1643 2331; x_wconf 88' lang='lat' dir='ltr'>vltra</span> <span class='ocrx_word' id='word_1_310' title='bbox 1652 2283 1775 2335; x_wconf 85' lang='lat' dir='ltr'>diem</span> 
     </span>
     <span class='ocr_line' id='line_1_37' title="bbox 247 2342 1784 2410; baseline -0.002 -15"><span class='ocrx_word' id='word_1_311' title='bbox 247 2348 479 2395; x_wconf 87' lang='lat' dir='ltr'>decimum</span> <span class='ocrx_word' id='word_1_312' title='bbox 495 2362 589 2394; x_wconf 89' lang='lat' dir='ltr'>non</span> <span class='ocrx_word' id='word_1_313' title='bbox 602 2342 1128 2408; x_wconf 81' lang='lat' dir='ltr'>durabilis.Theophrast.</span> <span class='ocrx_word' id='word_1_314' title='bbox 1139 2345 1347 2403; x_wconf 80' lang='lat' dir='ltr'>4.lib.De</span> <span class='ocrx_word' id='word_1_315' title='bbox 1359 2346 1538 2410; x_wconf 82' lang='lat' dir='ltr'>plantis,</span> <span class='ocrx_word' id='word_1_316' title='bbox 1555 2346 1700 2397; x_wconf 88' lang='lat' dir='ltr'>scribit</span> <span class='ocrx_word' id='word_1_317' title='bbox 1712 2351 1784 2397; x_wconf 84' lang='lat' dir='ltr'>lo-</span> 
     </span>
     <span class='ocr_line' id='line_1_38' title="bbox 173 2407 1778 2477; baseline 0.001 -17"><span class='ocrx_word' id='word_1_318' title='bbox 173 2420 179 2431; x_wconf 74' lang='grc'>’“</span> <span class='ocrx_word' id='word_1_319' title='bbox 245 2426 331 2460; x_wconf 85' lang='lat' dir='ltr'>ton</span> <span class='ocrx_word' id='word_1_320' title='bbox 345 2427 497 2476; x_wconf 87' lang='lat' dir='ltr'>parem</span> <span class='ocrx_word' id='word_1_321' title='bbox 514 2410 677 2458; x_wconf 85' lang='lat' dir='ltr'>habere</span> <span class='ocrx_word' id='word_1_322' title='bbox 689 2425 793 2456; x_wconf 89' lang='lat' dir='ltr'>cum</span> <span class='ocrx_word' id='word_1_323' title='bbox 806 2422 918 2473; x_wconf 87' lang='lat' dir='ltr'>pyro</span> <span class='ocrx_word' id='word_1_324' title='bbox 934 2409 1300 2474; x_wconf 88' lang='lat' dir='ltr'>magnitudinem</span> <span class='ocrx_word' id='word_1_325' title='bbox 1327 2447 1341 2470; x_wconf 91' lang='lat'>,</span> <span class='ocrx_word' id='word_1_326' title='bbox 1371 2407 1560 2476; x_wconf 52' lang='lat' dir='ltr'>eiusciue</span> <span class='ocrx_word' id='word_1_327' title='bbox 1583 2428 1778 2477; x_wconf 87' lang='lat' dir='ltr'>pomum</span> 
     </span>
     <span class='ocr_line' id='line_1_39' title="bbox 246 2473 1778 2540; baseline 0.002 -16"><span class='ocrx_word' id='word_1_328' title='bbox 246 2477 360 2529; x_wconf 84' lang='lat' dir='ltr'>fabae</span> <span class='ocrx_word' id='word_1_329' title='bbox 375 2476 564 2523; x_wconf 77' lang='lat' dir='ltr'>similem</span> <span class='ocrx_word' id='word_1_330' title='bbox 584 2474 738 2540; x_wconf 81' lang='lat' dir='ltr'>3quod</span> <span class='ocrx_word' id='word_1_331' title='bbox 750 2473 1130 2522; x_wconf 82' lang='lat' dir='ltr'>dum-maturescit</span> <span class='ocrx_word' id='word_1_332' title='bbox 1149 2475 1290 2522; x_wconf 86' lang='lat' dir='ltr'>variat</span> <span class='ocrx_word' id='word_1_333' title='bbox 1315 2477 1486 2524; x_wconf 88' lang='lat' dir='ltr'>colores</span> <span class='ocrx_word' id='word_1_334' title='bbox 1511 2493 1607 2524; x_wconf 82' lang='lat' dir='ltr'>vuae</span> <span class='ocrx_word' id='word_1_335' title='bbox 1631 2477 1778 2527; x_wconf 76' lang='lat' dir='ltr'>instar:</span> 
     </span>
     <span class='ocr_line' id='line_1_40' title="bbox 248 2540 1780 2606; baseline 0.001 -17"><span class='ocrx_word' id='word_1_336' title='bbox 248 2557 345 2606; x_wconf 83' lang='lat' dir='ltr'>quo</span> <span class='ocrx_word' id='word_1_337' title='bbox 356 2558 410 2590; x_wconf 88' lang='lat' dir='ltr'>ex</span> <span class='ocrx_word' id='word_1_338' title='bbox 424 2541 573 2588; x_wconf 67' lang='lat' dir='ltr'>fructu</span> <span class='ocrx_word' id='word_1_339' title='bbox 586 2554 844 2588; x_wconf 88' lang='lat' dir='ltr'>memorant</span> <span class='ocrx_word' id='word_1_340' title='bbox 859 2540 1087 2606; x_wconf 87' lang='lat' dir='ltr'>integrum</span> <span class='ocrx_word' id='word_1_341' title='bbox 1102 2540 1330 2603; x_wconf 87' lang='lat' dir='ltr'>quendam</span> <span class='ocrx_word' id='word_1_342' title='bbox 1348 2541 1459 2589; x_wconf 88' lang='lat' dir='ltr'>olim</span> <span class='ocrx_word' id='word_1_343' title='bbox 1472 2542 1717 2591; x_wconf 86' lang='lat' dir='ltr'>exercitum</span> <span class='ocrx_word' id='word_1_344' title='bbox 1728 2545 1780 2591; x_wconf 82' lang='lat' dir='ltr'>in</span> 
     </span>
     <span class='ocr_line' id='line_1_41' title="bbox 250 2603 1781 2670; baseline 0.001 -17"><span class='ocrx_word' id='word_1_345' title='bbox 250 2605 422 2665; x_wconf 85' lang='lat' dir='ltr'>Africa,</span> <span class='ocrx_word' id='word_1_346' title='bbox 435 2614 715 2653; x_wconf 81' lang='lat' dir='ltr'>commeatus</span> <span class='ocrx_word' id='word_1_347' title='bbox 727 2605 883 2668; x_wconf 87' lang='lat' dir='ltr'>inopia</span> <span class='ocrx_word' id='word_1_348' title='bbox 895 2604 1174 2653; x_wconf 88' lang='lat' dir='ltr'>laborantem</span> <span class='ocrx_word' id='word_1_349' title='bbox 1192 2603 1318 2654; x_wconf 81' lang='lat' dir='ltr'>fuiffe</span> <span class='ocrx_word' id='word_1_350' title='bbox 1328 2605 1385 2654; x_wconf 90' lang='lat' dir='ltr'>ad</span> <span class='ocrx_word' id='word_1_351' title='bbox 1397 2605 1490 2654; x_wconf 87' lang='lat' dir='ltr'>dies</span> <span class='ocrx_word' id='word_1_352' title='bbox 1512 2606 1686 2670; x_wconf 89' lang='lat' dir='ltr'>aliquot</span> <span class='ocrx_word' id='word_1_353' title='bbox 1710 2624 1781 2655; x_wconf 90' lang='lat' dir='ltr'>re-</span> 
     </span>
     <span class='ocr_line' id='line_1_42' title="bbox 251 2668 1782 2790; baseline 0 -73"><span class='ocrx_word' id='word_1_354' title='bbox 251 2668 588 2726; x_wconf 60' lang='lat' dir='ltr'>festumMitto</span> <span class='ocrx_word' id='word_1_355' title='bbox 602 2687 702 2738; x_wconf 83' lang='lat' dir='ltr'>quae</span> <span class='ocrx_word' id='word_1_356' title='bbox 719 2668 1470 2736; x_wconf 82' lang='lat' dir='ltr'>Ouid-9.Mctamorpb.Homerus</span> <span class='ocrx_word' id='word_1_357' title='bbox 1487 2669 1782 2790; x_wconf 38' lang='lat' dir='ltr'>Odysslfflgit.</span> 
     </span>
     <span class='ocr_line' id='line_1_43' title="bbox 438 2750 1765 2808; baseline 0.004 -29"><span class='ocrx_word' id='word_1_358' title='bbox 438 2776 439 2779; x_wconf 75' lang='grc'>,</span> <span class='ocrx_word' id='word_1_359' title='bbox 1661 2753 1689 2808; x_wconf 80' lang='lat' dir='ltr'>y</span> <span class='ocrx_word' id='word_1_360' title='bbox 1725 2750 1765 2784; x_wconf 75' lang='lat' dir='ltr'>ts</span> 
     </span>
    </p>
   </div>
   <div class='ocr_carea' id='block_1_5' title="bbox 1738 2794 1845 2953">
    <p class='ocr_par' dir='ltr' id='par_1_6' title="bbox 1738 2794 1845 2953">
     <span class='ocr_line' id='line_1_44' title="bbox 1738 2794 1845 2953; baseline 0 -108"><span class='ocrx_word' id='word_1_361' title='bbox 1738 2794 1845 2953; x_wconf 95' lang='lat' dir='ltr'>  </span> 
     </span>
    </p>
   </div>
  </div>
 </body>
</html>
