1846 2933
470 75 472 78 ,
637 34 1077 73 nunctiant-A.
1476 27 1569 72 (οι

122 103 283 143 mutua
293 86 498 155 damna]
510 86 645 137 talem
659 89 892 136 iniuriam.
1377 102 1380 107 ¹

120 174 250 204 veros
259 155 436 221 banea]
450 151 684 219 ipfiffimos
696 152 988 214 aduersarios,
1001 150 1027 199 ὲ
1039 150 1206 217 quibus
1217 167 1315 200 orta
1327 151 1388 199 est
1397 151 1578 201 iniuria.

121 221 295 286 noxias]
316 218 533 268 Noxiade
547 216 774 267 maleficio
794 217 972 266 dicitur.
1007 221 1196 268 Noxam
1226 220 1378 266 dixere
1399 219 1579 283 antiqui
1591 233 1722 275 Ναὶ

53 287 183 352 quod
197 301 346 332 nocer:
360 289 404 332 &
416 286 477 334 est
486 284 810 332 detrimentum
825 285 982 349 ,culpa
997 318 1011 338 ,
1024 299 1168 348 paena.
1190 285 1310 349 Lege
1331 282 1581 394 i‘psummer

56 351 289 400 Alciatum
314 350 726 398 Commentarioin
744 349 813 396 tir.
829 351 904 398 De
917 349 1040 396 verb.
1057 355 1100 396 &
1115 348 1328 415 rer.figni
1365 364 1402 394 e.
1421 348 1450 395 l.
1470 365 1522 408 23
1535 367 1579 407 7.

54 432 197 479 quem
211 415 361 463 locum
377 420 422 462 &
436 431 518 462 nos
531 411 659 477 supra
670 414 911 462 citauimus
920 415 977 464 ad
991 415 1230 463 Emblema
1241 451 1255 473 ,
1266 415 1392 462 cuius
1403 414 1580 473 titulus,

55 481 260 532 Remedia
266 484 314 528 in
324 481 461 528 arduo
468 517 479 537 ,
487 480 611 529 mala
620 485 667 529 in
668 492 817 545 prono.

123 547 450 612 dentepetunt.]
464 547 639 594 iniuriis
657 546 726 592 vel
738 544 956 592 conuiciis
966 544 1271 608 proscindunt.
1286 544 1412 611 quod
1429 561 1577 606 vnum

54 611 284 660 iniustitia?
309 626 404 658 non
439 627 628 674 paruum
663 607 836 658 facinus
859 646 872 668 ‚
896 612 1004 675 quia
1039 612 1253 674 iniquum
1279 613 1341 657 est
1372 611 1575 674 aliquem

49 679 205 724 alieno
239 673 350 723 odio
383 676 648 742 praegrauari
671 711 685 734 ,
710 675 772 723 ait
812 679 1065 738 Imperator
1096 677 1371 724 Iustinianus
1403 677 1450 721 in
1476 677 1499 721 1.
1526 674 1577 721 si

51 744 155 805 quis
182 738 277 799 sun,
300 744 342 798 §-
371 743 480 809 legis
499 757 679 795 autem,
697 741 818 790 Cod.
842 740 897 788 de
930 740 1099 789 inoffic.
1125 743 1301 788 testam.
1334 743 1391 787 Et
1430 741 1581 788 Calli·
1618 782 1623 783 e

51 809 206 856 stratus
222 807 251 855 l.
278 816 355 854 26.
371 810 434 855 D.
457 806 515 855 de
539 809 698 871 poeuis,
715 809 909 854 Crimen
926 841 940 863 ,
964 808 1034 854 vel
1057 823 1182 870 paena
1197 822 1376 871 paterna
1401 806 1577 852 nullam

50 873 275 934 maculam
293 869 610 939 filioinfligere
633 873 791 936 potest,
803 887 910 919 nam
925 872 1229 937 vnusquisque
1244 890 1298 919 ex
1322 871 1401 918 suo
1413 870 1581 918 admit]-

50 935 100 985 so
128 936 231 985 sorti
265 936 522 1001 subijcstur,
546 953 629 984 nec
649 937 787 992 alieni
809 937 1011 985 criminis
1035 934 1245 985 successor
1275 937 1576 984 constituntur.

55 1003 212 1068 Qod
227 999 254 1047 {i
267 1001 321 1048 ad
334 1000 581 1050 vindictam
597 1001 822 1066 publicam
835 1002 881 1051 id
894 1003 1159 1065 protendere
1173 1003 1303 1050 liceat
1318 1040 1328 1059 ,
1341 1003 1578 1049 audiamus

49 1067 228 1127 Arcadii
250 1071 293 1112 &
307 1059 509 1130 Honorij
523 1067 809 1131 rescriptfi‚ex
821 1068 851 1114 l.
868 1086 942 1115 22.
962 1068 1082 1116 Cod.
1095 1068 1152 1115 de
1163 1071 1299 1130 paenis
1313 1088 1327 1114 .·
1339 1068 1578 1114 sancimus

47 1131 115 1179 ibi
127 1132 211 1180 effe
224 1146 420 1211 paenam,
432 1132 561 1179 vbi&
576 1135 713 1179 noxia
725 1135 800 1181 est.
825 1133 1114 1198 propinquos
1137 1166 1155 1189 ‚
1177 1149 1310 1180 notos
1335 1131 1576 1178 familiares

48 1198 206 1261 procul
222 1197 485 1245 acalumnia
498 1195 847 1257 submouemus,
858 1215 973 1260 quos
988 1214 1087 1245 reos
1100 1196 1267 1246 sceleris
1282 1197 1462 1245 societas
1478 1213 1574 1243 non

46 1262 281 1311 facit.Nec
291 1263 414 1310 enim
432 1264 612 1310 societas
621 1264 690 1310 vel
704 1264 900 1311 amicitia
915 1263 1142 1310 nefarium
1157 1267 1331 1310 crimen
1344 1263 1578 1313 admittat,

49 1327 384 1393 Peccataigitur
399 1328 497 1375 suos
511 1343 696 1375 teneant
712 1329 943 1376 auctores:
958 1344 1042 1377 nec
1066 1326 1250 1378 vlterius
1268 1324 1577 1396 progrediatur
1596 1362 1631 1383 ,.

48 1407 198 1444 metus
212 1394 382 1459 ‚quim
394 1394 638 1461 reperiatur
647 1393 886 1444 delictum.
1591 1429 1627 1451 ,.

1036 2558 1069 2618 p
1116 2560 1140 2608 ς
1415 2540 1567 2592 Insani
