1861 2973
2 0 9 30 ⁹
229 7 235 13 ’
352 10 386 51 J
527 20 985 58 unauna-ra.
1064 58 1066 60 ,
1463 13 1554 61 169

32 70 201 137 illelibf
215 88 259 120 ε..
271 71 513 120 euoluerit:
529 74 603 123 Sic
614 75 758 120 enim:
778 73 952 137 Scythis
963 74 1080 120 inter
1096 70 1137 119 se
1150 70 1263 120 fines
1276 71 1498 136 nullieneq
1508 89 1564 119 ue
1601 89 1707 125 [Mus
1731 82 1763 124 a.

33 142 160 185 enim
172 147 330 202 agrum
346 137 781 196 colunt,necdomus
796 140 883 185 illis
898 139 1088 192 vlla,aut
1110 139 1285 185 testum
1305 173 1317 192 ‚
1336 151 1413 183 aut
1443 134 1563 184 sedes
1600 139 1725 200 Iustino·
1754 184 1775 200 .⁷
1850 194 1856 198 ,

36 204 118 262 est,
130 208 563 266 armenta&pecora
576 204 749 267 semper
759 203 1038 267 pascentibus
1053 242 1064 260 ,
1078 208 1122 250 &
1145 219 1223 267 per
1244 203 1433 249 incultas
1455 201 1566 249 soli—
1598 192 1787 246 Hsstoncae:

35 268 216 315 tudines
227 268 532 315 errareiolitiS.
557 273 726 316 onres
746 265 1002 332 liberosque
1027 268 1174 315 secum
1193 269 1239 314 in
1265 267 1462 329 plaustris
1487 284 1570 314 ve-

38 332 159 381 hunt
173 352 183 379 :
197 335 362 397 quibus
379 370 392 390 ‚
404 335 533 380 coriis
547 334 761 381 imbrium
778 331 1047 398 hyemisque
1062 333 1188 380 causa
1203 333 1330 379 testis
1348 369 1360 390 ‚
1391 347 1471 394 pro
1483 331 1569 379 do·

38 399 404 448 mibusvtuntur.
430 399 602 447 Iustitia
615 401 762 464 gentis
773 399 967 464 ingeniis
978 399 1223 457 culta,non
1240 398 1431 462 legibus.
1446 397 1568 444 Nul-

37 464 135 512 lum
151 463 284 513 (celus
298 464 414 527 apud
425 480 502 510 eos
517 463 640 512 furto
650 467 845 530 grauius:
856 461 1027 529 quippe
1044 463 1134 510 sine
1147 464 1268 510 teeto
1298 463 1572 508 munimen-

39 526 180 592 tot‘1ue
197 544 354 592 pecora
367 535 408 576 &
422 545 623 577 armenta
635 529 921 587 habentibus,
935 528 1045 594 quid
1062 529 1233 575 saluum
1248 527 1370 582 esset,
1388 526 1413 573 fi
1429 524 1570 575 furari

30 593 207 641 liceret?
225 600 400 641 Aurum
419 599 461 640 &
474 612 711 661 argentum
729 595 914 657 perinde
925 593 1196 657 aspernatur,
1211 610 1259 640 ac
1272 594 1433 656 reliqui
1449 609 1573 638 mor-

37 660 147 706 tales
159 674 394 724 appetunt.
415 661 552 707 Lacte
568 666 610 707 &
627 661 760 707 melle
775 659 1024 706 vescuntur.
1042 662 1170 706 Lanae
1186 660 1238 705 iis
1253 659 1350 705 vsus
1363 674 1412 704 ac
1429 657 1570 705 vestiti

35 723 233 790 ignotus:
249 730 292 771 δε
305 740 568 790 quanquam
583 726 810 772 continuis
825 723 1067 790 frigoribus
1081 739 1276 780 vrantur,
1297 722 1488 786 pellibus
1498 736 1572 769 ta-

39 805 148 836 men
157 788 315 838 ferinis
328 806 404 836 aut
416 793 606 838 murinis
620 791 880 837 vestiuntur.
897 792 1010 836 Haec
1021 790 1306 841 continentia
1325 788 1413 834 illis
1437 786 1571 834 morti

36 857 226 920 quoque
238 855 452 903 iustitiam
464 856 602 913 dedit,
616 855 728 904 nihil
741 855 941 902 alienum
954 853 1388 917 concupiscentibus.
1406 852 1571 916 Qip-

37 918 96 983 pe
109 920 374 968 diuitiarum
389 922 630 985 cupidoibi
642 923 701 967 est
718 955 733 978 ,
748 920 879 967 vbi&
894 918 1007 968 vl'us.
1035 923 1186 984 Atque
1202 921 1371 965 vtinam
1390 918 1573 982 reliquis

37 988 303 1033 mortalibus
316 985 466 1033 fimilis
481 987 791 1033 moderatio&
814 986 1078 1032 abstinentia
1100 986 1237 1030 alieni
1262 982 1394 1029 foret.
1416 980 1578 1028 Profe-

37 1049 118 1097 &6
139 1068 230 1098 non
246 1051 660 1098 bellorum-tantum
677 1067 838 1114 perom
848 1055 919 1097 nia
932 1051 1082 1097 saecula
1095 1050 1217 1095 tertis
1231 1065 1307 1095 om
1317 1049 1446 1094 nibus
1462 1064 1576 1095 con-

35 1116 301 1164 tinuaretur:
320 1132 467 1179 neque
485 1118 583 1180 plus
595 1116 838 1163 hominum
853 1114 1021 1162 ferrum
1035 1120 1078 1161 &
1098 1130 1220 1161 arma
1234 1151 1247 1169 ,
1272 1114 1413 1177 quarn
1442 1130 1575 1160 natu-

36 1181 135 1227 ralis
146 1180 342 1228 fatorum
368 1182 570 1229 conditio
593 1196 779 1245 raperet.
808 1180 992 1229 Prorsus
1016 1194 1061 1227 vt
1085 1178 1347 1226 admirabile
1374 1178 1577 1226 videatur

35 1242 221 1293 hocillis
236 1263 438 1294 naturam
460 1248 564 1294 dare
579 1284 588 1303 ‚
604 1246 732 1310 quod
744 1247 1043 1310 Graecilonga
1069 1245 1319 1308 sapientum
1347 1244 1573 1300 doctrina,

33 1308 356 1376 praeceptisque
385 1311 763 1374 Philosophorum
791 1309 1005 1375 consequi
1033 1326 1270 1374 nequeunt
1297 1345 1309 1366 ‚
1334 1306 1575 1373 cultosque

35 1378 376 1424 moresincultae
394 1377 603 1424 barbariae
616 1377 858 1423 collatione
873 1375 1066 1440 superari
1092 1396 1102 1421 ε
1137 1372 1267 1421 tanto
1290 1375 1388 1438 plus
1414 1375 1461 1419 in
1484 1376 1575 1421 illis

69 1440 215 1488 toficit
241 1443 455 1489 vitiorum
482 1439 925 1508 ignoratio,quanto
948 1442 1063 1488 iniis
1085 1442 1292 1507 cognitio
1306 1441 1500 1486 virtutis.
1515 1440 1572 1486 Et

32 1456 129 1554 ἕως
140 1507 325 1573 quidem
344 1507 555 1554 IustinuS.
573 1510 736 1571 Qem
751 1508 903 1553 locum
918 1507 1145 1573 integrum
1163 1542 1174 1562 ,
1200 1506 1308 1569 quia
1318 1504 1573 1567 pulcherri-

35 1586 140 1618 mus
155 1572 456 1632 est,ascribere
470 1574 636 1629 malui,
651 1571 793 1636 quam
810 1587 1084 1619 truncatum.
1112 1573 1238 1618 Hinc
1263 1574 1389 1616 enim
1414 1570 1573 1616 Aleia-

32 1650 121 1693 tus‚
140 1650 186 1683 vt
198 1639 377 1701 opinor,
398 1639 633 1684 materiam
648 1638 779 1684 traxit
795 1637 1092 1684 Emblematis
1107 1672 1120 1693 ,
1133 1637 1196 1682 vti
1210 1636 1300 1683 iam
1312 1635 1420 1682 dixi:
1439 1636 1571 1699 cuius

32 1702 299 1767 epigraphe,
310 1709 472 1753 Omnia
481 1721 578 1751 mea
586 1714 899 1766 mecumporto,
919 1720 971 1750 ex
986 1699 1370 1767 apophthegmate
1382 1694 1569 1756 Biantis,
1590 1722 1727 1761 rffimffi

28 1766 297 1815 sententiam
311 1769 654 1833 complectitur,
679 1773 722 1814 &
736 1767 860 1831 quasi
887 1769 1089 1814 animam
1111 1765 1357 1831 ingeniosae
1383 1766 1567 1829 pisturae
1588 1778 1768 1828 apophthe-

27 1847 169 1897 quam
186 1833 370 1883 subiecit
380 1835 538 1883 oculis,
549 1835 611 1881 Ea
625 1832 732 1880 vero
749 1832 1249 1898 fignificatur,anirnum
1266 1831 1471 1879 hominis
1483 1836 1679 1894 pffigma.

28 1899 133 1944 dere
146 1915 238 1945 non
252 1899 414 1947 debere
426 1917 480 1947 ex
493 1899 562 1946 his
579 1915 681 1962 quae
694 1902 858 1945 caduca
875 1896 973 1944 sunt
987 1903 1029 1945 &
1044 1897 1230 1944 fortuita
1245 1935 1256 1953 ‚
1283 1895 1440 1959 vtpote
1465 1914 1567 1959 quae
1590 1911 1756 1966 ,Animus

27 1962 352 2012 sollicitudines
365 1969 408 2012 &
421 1963 1193 2026 cruciatusinnumerabilespariant
1212 1999 1225 2020 ,
1239 1961 1309 2008 secl
1324 1979 1373 2009 ea
1389 1958 1565 2009 tantum
1588 1981 1630 2018 ab
1650 1990 1762 2018 exter-

26 2027 190 2075 debere
204 2027 287 2078 effe
299 2029 417 2085 satis,
430 2046 532 2093 quae
542 2030 743 2094 benigna
757 2045 914 2075 natura
929 2027 978 2074 sit
992 2029 1177 2092 elargita
1191 2065 1202 2083 ,
1218 2028 1285 2074 vel
1298 2043 1398 2090 quae
1412 2027 1467 2073 ab
1491 2027 1566 2074 in·
1586 2036 1634 2069 ηιξ
1662 2035 1764 2071 mini.

27 2096 169 2159 genio
181 2093 533 2158 proficiscuntur.
545 2096 630 2141 Vel
648 2094 864 2158 intelligit
880 2108 1186 2157 paupertatem
1202 2091 1462 2157 vbicunque
1474 2108 1560 2139 ter·
1598 2088 1745 2136 mipen-

28 2173 177 2205 rarum
209 2159 411 2220 (etiamsi
425 2160 482 2206 ab
491 2158 711 2207 omnibus
726 2157 842 2220 pene
856 2157 1104 2205 miserrima
1114 2156 1362 2216 censeatur)
1383 2153 1466 2204 effe
1493 2173 1561 2205 tu-
1589 2140 1678 2178 “m‘’
1738 2174 1742 2177 ·

27 2238 122 2271 tam
137 2229 181 2272 δι
195 2224 407 2272 securam.
435 2227 597 2287 Qam
608 2226 662 2270 ad
676 2240 772 2270 rem
788 2223 993 2272 describit
1020 2224 1188 2270 Hunni
1205 2222 1401 2286 Scythici
1419 2221 1568 2270 homi·
1586 2237 1751 2289 ‘Pauper-

27 2291 97 2336 nis
108 2305 374 2338 caeterorum
389 2291 560 2336 iudicio
572 2288 1170 2352 pauperrimiconditionem
1188 2325 1202 2343 ,
1225 2304 1272 2335 vt
1295 2304 1350 2334 ex
1372 2304 1428 2334 eo
1456 2304 1562 2336 con·
1584 2300 1637 2327 eas
1666 2294 1764 2346 vbiq,

23 2356 394 2413 cludat,tutiores
405 2353 489 2402 effe
502 2370 609 2415 opes
627 2359 670 2400 &
684 2351 917 2401 facultates
933 2370 1034 2417 quae
1061 2352 1192 2401 nobrs
1216 2351 1370 2400 insunt
1384 2388 1396 2407 ‚
1422 2350 1562 2417 quam
1587 2355 1678 2384 ma.
1776 2352 1779 2355 ’

62 2436 126 2467 uae
139 2435 357 2484 petuntur
368 2417 742 2469 aliunde..Genus
763 2417 851 2466 hoc
878 2418 1125 2466 hominurn
1150 2417 1205 2464 fic
1225 2418 1412 2464 describi
1426 2420 1480 2464 ab
1494 2418 1561 2466 hi·
1590 2446 1773 2496 Descriptio

23 2437 192 2532 goricis
207 2485 528 2532 recentioribus
545 2484 865 2548 animaduerto
882 2521 894 2540 ,
930 2501 988 2531 ne
1010 2484 1080 2530 vel
1107 2478 1359 2530 minimum
1385 2482 1562 2531 studiosi
1591 2500 1741 2546 Hunnq-
1782 2490 1787 2495 '

24 2548 236 2598 haereant.
259 2554 501 2598 Pannones
515 2550 650 2596 initio
659 2565 758 2596 eam
775 2565 934 2595 tetram
948 2563 1194 2596 tenuerunt
1210 2586 1222 2605 ,
1238 2552 1427 2596 Paeones
1448 2549 1561 2595 olim
1585 2564 1680 2592 rum.

21 2613 135 2662 dieti
149 2634 159 2660 ε
174 2615 280 2664 iude
294 2615 686 2678 Hunnihabuere,
698 2630 808 2674 gens
820 2613 1039 2676 Scythica.
1056 2617 1178 2662 Mox
1195 2612 1358 2660 Gotthi
1373 2631 1426 2660 ex
1438 2612 1565 2660 insu·

17 2678 78 2733 lis
88 2682 270 2735 oceani
281 2682 547 2735 Germanici
555 2679 869 2748 proferitifflost
882 2678 1083 2731 Gotthos
1097 2678 1566 2794 Longobatdi,npiui[:-
1595 2716 1598 2720 ,

70 2773 76 2778 -
173 2768 182 2790 .·
1079 2747 1116 2793 L
1157 2758 1177 2804 5
1479 2760 1555 2792 me
